2160 3067
505 237 654 284 Quodsi
677 237 768 288 quis
786 238 933 276 iniuste
950 237 1164 277 Herculem
1182 238 1373 277 Oetaeum
1391 239 1475 289 pari
1503 238 1619 278 modo
1647 241 1766 290 atque
1795 242 1946 279 ceteras

372 302 592 355 tragoedias
630 303 672 342 in
713 302 1018 354 disputationem
1057 304 1191 343 vocari
1229 304 1327 343 mihi
1361 304 1507 344 obiciat
1534 305 1680 356 quippe
1709 304 1883 346 Senecae
1911 306 1946 344 si

372 381 451 408 non
473 371 609 419 totum,
629 372 800 408 attamen
815 380 994 419 magnam
1014 373 1164 420 partem
1183 369 1501 420 abiudicandum,
1525 369 1765 410 Graecorum
1785 370 1946 421 quidem

371 434 602 474 imitationis
640 434 792 474 ratione
830 435 935 473 infra
974 434 1107 474 habita
1144 447 1225 474 non
1264 435 1525 484 inveniemus,
1558 447 1632 475 cur
1660 436 1759 474 hanc
1787 447 1945 486 quoque

372 498 609 551 tmgoediam
653 512 678 538 a
717 498 868 540 Seneca
909 510 994 540 esse
1039 500 1238 539 conditam
1284 512 1484 552 negemus.
1564 500 1673 556 Quae
1715 513 1807 540 vero
1853 500 1946 552 Leo,

372 565 567 606 Melzerus
604 565 752 617 aliique
790 564 905 604 multi
941 568 1125 616 repetunt
1152 566 1237 606 sive
1265 579 1287 605 a
1316 566 1508 606 latinitate
1536 566 1622 607 sive
1649 579 1673 605 a
1700 567 1943 617 singulorum

371 630 695 682 interpretatione
734 630 912 670 locorum
950 630 1038 671 sive
1077 644 1100 670 a
1139 642 1182 670 re
1221 631 1395 681 metrica,
1438 634 1484 670 ut
1516 631 1618 671 alius
1645 631 1762 671 aliam
1788 632 1946 672 fabulae

372 699 522 746 partem
549 708 631 735 non
659 707 745 735 esse
784 696 999 747 genuinam
1028 696 1304 742 demonstrent,
1344 697 1441 736 haec
1469 697 1601 735 onmia
1630 697 1734 736 haud
1758 698 1944 738 mediocri

372 772 469 800 cura
495 773 543 801 ac
570 760 777 812 diligentia
802 760 949 801 refellit
976 761 1172 801 Aemilius
1202 761 1450 801 Ackermann
1478 760 1553 811 (De
1580 761 1752 802 Senecae
1773 762 1946 803 Hercule

373 826 529 876 Oetaeo,
547 826 787 877 Philologus,
805 827 938 877 Suppl.
954 826 1006 876 X,
1024 829 1048 865 3
1063 826 1221 879 [1906];
1242 828 1293 865 cf.
1305 826 1382 865 Lit.
1398 827 1604 867 Centralbl.
1625 828 1740 877 1903,
1761 829 1824 878 26,
1835 827 1944 881 881).

505 924 659 972 Quibus
704 924 928 976 praemissis
975 936 1100 964 unum
1150 925 1373 964 accuratius
1424 925 1522 964 mihi
1566 925 1812 965 tractandum
1859 938 1945 966 esse

371 1001 522 1041 censeo,
542 1000 645 1041 quae
664 990 785 1029 fuerit
812 989 911 1028 ratio
940 989 1044 1029 inter
1073 990 1263 1029 Senecam
1293 992 1333 1029 et
1359 990 1543 1042 antiquas
1569 989 1724 1030 fabulas
1751 990 1947 1031 Romanas

371 1055 630 1096 intercedens

502 1142 745 1184 Ribbeckius
773 1143 880 1183 enim
908 1155 1000 1183 cum
1034 1144 1075 1183 in
1104 1143 1217 1193 libro,
1246 1144 1316 1194 qui
1344 1143 1592 1184 inscribitur:
1628 1144 1724 1184 »Die
1752 1145 1946 1193 romische

370 1209 562 1261 Tragodie
589 1210 645 1247 im
674 1208 858 1249 Zeitalter
886 1209 957 1248 der
973 1209 1208 1261 Republik«,
1237 1209 1448 1249 nonnullos
1470 1210 1577 1249 locos
1601 1207 1837 1250 Annaeanos
1855 1222 1948 1250 cum

372 1276 547 1326 antiquis
575 1275 865 1326 tragoediarum
893 1275 1151 1326 scriptoribus
1179 1277 1464 1325 composuisset
1490 1279 1609 1325 atque
1626 1277 1666 1313 id
1685 1276 1845 1315 fecisset
1861 1277 1947 1314 sine

371 1340 450 1378 lata
490 1339 756 1390 explicatione
795 1342 995 1390 tamquam
1025 1342 1071 1378 ut
1098 1340 1361 1379 necessarium
1392 1339 1554 1390 aliquid,
1583 1340 1685 1378 hanc
1712 1340 1947 1379 sententiam

370 1404 598 1445 Fridericus
637 1394 800 1444 Strauss‘
834 1404 944 1443 nullo
985 1405 1099 1443 modo
1138 1408 1243 1444 stare
1281 1416 1396 1455 posse
1435 1405 1535 1444 libro
1575 1417 1693 1456 supra
1733 1408 1946 1445 memorato

372 1470 641 1510 demonstrare
668 1469 837 1509 volebat.
850 1471 879 1518 l)

504 1546 577 1585 Est
614 1549 748 1586 autem
789 1546 865 1585 hoc
903 1546 985 1585 fere
1024 1545 1336 1596 fundamentum,
1379 1557 1458 1597 quo
1499 1547 1621 1584 nixus
1663 1546 1729 1585 ille
1771 1546 1947 1586 defendit

371 1612 607 1652 sententiam
635 1623 769 1652 suam:

505 1699 780 1740 Abhorrebant
808 1712 900 1740 cum
928 1700 1088 1739 omnino
1109 1711 1236 1739 mores
1262 1702 1381 1752 atque
1400 1700 1704 1740 consuetudines
1727 1701 1824 1750 eius,
1847 1712 1947 1750 quae

371 1769 556 1817 argentea
598 1768 770 1816 vocatur,
817 1766 957 1806 aetatis
999 1779 1022 1804 a
1049 1769 1227 1806 veterum
1270 1766 1535 1806 Romanorum
1577 1766 1824 1817 simplicitate
1864 1769 1946 1804 tum

372 1832 591 1871 litterarum
611 1831 744 1871 studia
762 1845 786 1871 a
803 1833 932 1883 prisca
949 1826 1230 1880 archaicorum,
1251 1844 1351 1882 quos
1375 1835 1527 1881 vocant,
1544 1833 1776 1882 scriptorum
1797 1832 1947 1870 ratione

372 1897 543 1939 dicendi.
601 1896 731 1944 Quare
772 1897 806 1936 si
848 1897 1059 1949 scriptores
1099 1896 1294 1937 rhetorica
1335 1899 1418 1937 arte
1458 1896 1600 1935 imbuti
1647 1896 1948 1936 contemnebant

373 1965 552 2003 veterum
581 1962 702 2002 libros
729 1965 776 2001 ut
794 1962 988 2002 obsoletos
1008 1963 1249 2013 minimeque
1269 1963 1318 2001 ad
1338 1959 1554 2013 elegantiae
1576 1962 1680 2012 leges
1699 1962 1944 2012 compositos,

372 2028 443 2080 qui
471 2027 559 2068 fieri
587 2028 725 2080 potuit,
764 2031 811 2067 ut
846 2028 1004 2078 Seneca,
1033 2028 1358 2080 praestantissimi
1386 2027 1495 2067 illius
1521 2027 1688 2067 rhetoris
1716 2026 1833 2078 filius,
1863 2026 1946 2066 dux

372 2098 413 2133 et
439 2094 625 2144 princeps
661 2094 893 2132 recentioris
921 2094 1003 2132 stili
1031 2094 1300 2144 appetentium
1328 2105 1545 2143 eorumque
1560 2096 1759 2143 tamquam
1775 2105 1944 2143 propug-

372 2161 486 2198 nator
526 2160 663 2198 contra
705 2170 822 2198 omne
850 2158 1041 2198 usitatum
1069 2160 1188 2210 atque
1217 2158 1459 2199 cotidianum
1488 2157 1685 2198 scribendi
1715 2169 1850 2209 genus,
1875 2158 1943 2209 qui

370 2224 458 2263 fieri
486 2224 626 2275 potuit,
656 2227 700 2262 ut
727 2224 844 2273 idem,
874 2224 944 2274 qui
960 2224 1128 2262 formam
1147 2227 1187 2263 et
1205 2227 1390 2263 eventum
1413 2224 1491 2275 ipsi
1510 2224 1567 2262 rei
1587 2223 1843 2274 praeferenda
1860 2234 1944 2262 esse

506 2331 529 2372 ¹)
552 2332 705 2367 Ceterum
741 2331 832 2365 illum
870 2332 995 2374 ipsum,
1041 2331 1133 2364 cuius
1175 2332 1325 2373 auspiciis
1361 2332 1540 2365 Straussius
1577 2331 1673 2364 subiit
1711 2331 1796 2364 hanc
1833 2340 1943 2363 curam

371 2387 513 2428 (Strauss
535 2397 566 2427 p.
592 2388 632 2427 1),
648 2387 801 2428 Leonem,
818 2386 1011 2418 contrariam
1026 2394 1064 2418 ac
1079 2384 1289 2417 Ribbeckium
1304 2385 1454 2418 habuisse
1471 2385 1664 2418 sententiam
1680 2387 1713 2417 et
1727 2385 1772 2417 ita
1784 2383 1945 2418 Straussio

371 2443 533 2483 tamquam
568 2440 651 2474 viam
685 2442 892 2482 monstrasse,
923 2450 1005 2483 quae
1036 2439 1066 2473 ei
1089 2441 1176 2473 esset
1198 2440 1313 2482 eunda,
1345 2442 1477 2483 appaiet
1507 2450 1547 2473 ex
1570 2440 1688 2474 Leonis
1710 2439 1896 2473 recensione
1918 2438 1944 2478 Ι,

370 2497 446 2531 272.
459 2497 588 2529 Profert
604 2496 690 2529 enim
711 2497 763 2529 hic
780 2496 946 2538 Sophoclis
963 2496 1148 2538 Polyxenae
1166 2496 1226 2537 frg.
1237 2496 1312 2536 4⁷8,
1324 2496 1408 2538 quod
1424 2496 1566 2528 »animae
1577 2495 1728 2529 Achillis«
1740 2495 1943 2528 tribuendum

371 2561 442 2585 esse
456 2552 592 2585 constat.
623 2551 705 2584 Tum
727 2551 848 2593 pergit:
876 2561 957 2593 »quo
979 2551 1012 2593 (i.
1037 2561 1065 2585 e.
1089 2550 1130 2584 ad
1153 2550 1214 2583 hoc
1236 2549 1402 2592 Sophoclis
1424 2551 1655 2593 fragmentum)
1678 2550 1840 2592 pertinere
1857 2548 1945 2582 Accii

369 2605 481 2640 Troad.
505 2606 568 2648 frg.
591 2607 612 2639 2
636 2616 666 2640 v.
689 2606 765 2641 479.
788 2605 832 2639 80
854 2608 888 2638 et
910 2606 1047 2639 fortasse
1070 2606 1131 2648 frg.
1155 2605 1217 2640 inc.
1241 2605 1305 2639 inc.
1326 2605 1370 2639 38
1392 2607 1480 2638 recte
1503 2605 1615 2638 statuit
1636 2604 1829 2638 Ribbeokius
1852 2605 1944 2645 (rom.

369 2661 460 2704 Trag.
483 2672 515 2704 p.
537 2661 631 2704 417);
665 2661 773 2703 itaque
806 2660 930 2694 Seneca
962 2671 992 2696 v.
1019 2660 1192 2694 184—370
1224 2660 1264 2693 ad
1286 2660 1451 2703 Sophoclis
1474 2659 1659 2703 exemplum
1688 2670 1723 2693 se
1756 2659 1946 2702 applicuisse

371 2717 527 2752 videtum«
567 2716 651 2759 Ergo
666 2716 790 2750 Seneca
803 2717 840 2749 nt
854 2716 989 2749 Accium
1006 2715 1057 2748 vel
1072 2715 1173 2749 alium·
1186 2717 1333 2748 veterum
1348 2715 1565 2749 Romanorum
1581 2716 1746 2757 poetarum
1769 2715 1945 2747 imitaretur

371 2771 445 2804 fieri
468 2771 611 2813 potuisse
633 2771 734 2805 Leoni
756 2770 887 2804 omnino
909 2781 975 2804 non
997 2771 1031 2803 in
1052 2772 1195 2803 mentem
1219 2770 1317 2805 venit.
