2160 3067
880 125 1122 164 -9-

227 235 472 280 affinitatem.
529 233 646 284 quam
695 233 866 274 Senecae
916 233 1138 285 tragoediae
1188 244 1278 272 cum
1326 232 1459 272 Ovidii
1498 232 1668 284 epistula
1707 243 1793 272 esse

226 301 492 352 eognovimus,
512 298 560 337 ad
579 299 815 350 tragoediam
843 300 973 350 potius
998 299 1129 338 Ovidii
1153 298 1396 338 referendam
1425 310 1512 338 eaee
1536 301 1790 338 statuamus«

226 367 271 416 (Ι,
302 366 394 414 169)
404 363 447 417 ¹).

357 429 550 470 Subtilius
578 441 672 469 vero
701 418 930 470 conclusum
950 442 1070 481 quam
1090 431 1258 470 rectius!
1301 430 1402 470 Nam
1421 431 1465 470 in
1492 429 1706 470 earundem
1732 429 1796 469 vel

227 496 415 537 similium
432 507 563 535 rerum
577 495 903 547 descriptionibus
919 496 1166 547 maximeque
1179 496 1470 536 narrationibus
1485 508 1538 536 ex
1551 495 1795 547 mytholog-ia

227 562 467 613 depromptis
507 560 642 600 eadem
679 560 878 600 interdum
917 562 1061 600 reverti
1098 561 1291 601 vocabula
1329 562 1622 611 sententiasque
1651 560 1794 600 variari

228 639 306 667 non
334 625 440 678 apud
468 623 655 665 Ovidium
682 625 810 665 solnm
857 652 899 659 -
946 626 998 665 sit
1037 626 1131 666 licet
1167 627 1322 678 saepius
1358 626 1462 678 apud
1505 638 1596 666 eum
1636 628 1796 678 propter

229 694 546 744 argumentorum
575 693 754 731 naturam
789 713 838 719 —
866 691 935 730 sed
974 691 1076 742 apud
1112 703 1247 731 omnes
1285 693 1494 744 scriptores
1533 692 1641 744 plus*
1661 693 1794 731 minus

229 759 462 797 invenimus
488 802 490 804 μ
518 757 651 807 Atque
678 757 721 794 in
754 757 985 795 universum
1014 757 1111 795 mihi
1138 757 1357 796 aestimanti
1384 757 1483 796 illud
1511 758 1671 797 criticae
1699 759 1794 797 artis

228 835 363 876 genus,
391 830 470 873 quo
497 834 521 862 a
548 822 666 862 certis
693 819 987 872 manifestisque
1006 824 1051 861 ut
1068 821 1323 862 deflectamus
1346 823 1521 874 vestigiis
1541 823 1796 874 perducimur

229 891 476 938 incertasque
503 890 701 927 sectemur
728 890 847 938 atque
873 887 1022 926 inanes.
1038 888 1295 935 coniecturas,
1323 900 1485 938 pravum
1513 891 1630 938 atque
1656 888 1794 927 inutile

231 966 316 994 esse
354 953 522 994 videtur.
577 952 744 992 Accedit
783 952 889 1003 quod
929 952 1116 992 Senecam
1149 964 1228 991 non
1255 953 1298 991 in
1325 952 1463 993 Medea
1489 953 1627 1004 solum,
1655 953 1724 993 sed
1751 953 1795 992 in

230 1020 317 1059 aliis
353 1030 512 1069 quoque
547 1017 702 1065 fabulis,
731 1018 925 1069 imprimis
958 1018 1000 1057 iu
1029 1017 1202 1058 Hercule
1231 1017 1386 1068 Oetaeo,
1416 1031 1534 1070 quem
1562 1022 1713 1069 vocant,
1742 1031 1794 1057 ex

230 1084 362 1125 Ovidii
390 1084 692 1136 metamorphosi
720 1083 896 1124 hausisse
924 1083 1155 1124 videbimus.

359 1161 437 1200 Sed
464 1161 561 1200 haec
588 1161 747 1211 quidem
775 1161 978 1200 hactenus.
1035 1160 1230 1200 Venimus
1257 1161 1305 1200 ad
1330 1160 1523 1212 Oedipum
1546 1161 1794 1211 tragoediam.

229 1226 297 1265 ubi
336 1227 524 1265 Senecam
565 1237 719 1265 versum
765 1226 816 1264 56
859 1225 910 1264 ad
952 1225 1023 1265 Ov.
1066 1229 1158 1265 met.
1198 1226 1287 1276 VII,
1329 1227 1405 1265 611
1447 1227 1590 1266 fecisse
1618 1225 1723 1277 (non,
1752 1229 1796 1264 ut

233 1291 427 1330 Brauuius
465 1291 561 1340 vult,
600 1290 650 1329 ad
689 1291 805 1341 Soph.
846 1289 942 1329 Oed.
983 1293 1059 1341 tyr.
1088 1291 1142 1330 29
1182 1302 1238 1341 sq.
1267 1291 1330 1329 vel
1360 1291 1439 1331 180
1466 1290 1540 1342 sq.)
1579 1290 1696 1329 facile
1723 1289 1796 1329 tibi

229 1356 492 1407 persuadebis,
535 1357 568 1394 si
610 1367 796 1395 versuum
842 1355 1085 1395 collationem
1129 1356 1360 1406 cognoveris
1405 1368 1429 1394 a
1469 1355 1653 1395 Richtero
1695 1367 1794 1394 mus.

229 1421 357 1460 Rhen:
384 1420 485 1459 XIX
515 1419 655 1473 (1864)
684 1432 720 1471 p.
750 1421 828 1459 379
858 1421 1088 1471 institutam,
1117 1421 1223 1460 unde
1250 1423 1377 1460 totum
1406 1421 1519 1460 illum
1546 1420 1674 1460 locum
1705 1432 1797 1459 cum

232 1486 372 1526 Ovidio
401 1487 610 1526 concinere
637 1489 806 1537 apparet.

362 1551 522 1590 Variam
561 1551 732 1602 denique
771 1552 1009 1591 Annaeanae
1037 1552 1267 1591 imitationis
1293 1552 1486 1591 rationem
1526 1563 1577 1591 ex
1615 1550 1798 1591 Herculis

233 1616 368 1656 Oetaei
383 1629 473 1656 cum
494 1616 784 1668 exemplaribus
807 1618 1095 1668 comparatione
1113 1618 1208 1657 licet
1224 1619 1459 1669 perspicere.
1488 1617 1568 1657 Hic
1590 1618 1696 1657 enim
1714 1619 1797 1655 tum

234 1682 367 1721 Ovidii
387 1682 567 1721 heroidas
590 1685 630 1721 et
650 1682 996 1733 metamorphoseis
1018 1683 1209 1733 sequitur,
1232 1686 1315 1722 tum
1339 1682 1543 1734 Sophoclis
1563 1682 1798 1733 Trachinins,

233 1760 362 1797 neque
390 1748 584 1798 eiusmodi
613 1748 690 1786 loci
719 1748 872 1798 desunt,
907 1747 976 1786 ubi
1013 1749 1219 1799 utriusque
1246 1751 1384 1799 poetae
1413 1759 1550 1788 versus
1577 1749 1798 1798 promiscue

233 1813 275 1850 in
303 1824 420 1851 suum
449 1824 566 1851 usum
594 1815 805 1852 convertat.

365 1877 453 1916 Hoc
489 1879 712 1917 accuratius
746 1878 882 1917 debuit
919 1873 1112 1929 respicere
1139 1878 1358 1918 Richardus
1387 1879 1548 1929 Grimm,
1576 1891 1667 1918 cum
1696 1878 1800 1916 haud

235 1943 366 1993 inepte
402 1942 519 1982 Herc.
550 1942 634 1984 Oet.
666 1944 745 1982 803
774 1954 831 1994 sq.
864 1943 914 1981 ad
947 1943 1062 1994 Sop'n.
1098 1944 1234 1984 Trach.
1266 1945 1342 1983 787
1373 1956 1431 1995 sq.
1460 1943 1623 1983 rettulit
1654 1943 1800 1982 Versus

236 2008 340 2045 enim
370 2008 471 2046 805:

501 2073 617 2111 »hinc
644 2085 760 2112 omne
788 2085 905 2112 voces
931 2073 1060 2112 reddit
1087 2073 1306 2114 Herculeas
1335 2086 1512 2122 nemus«,

235 2140 385 2187 spectat
412 2137 462 2176 ad
491 2137 563 2176 Ov.
593 2140 683 2177 met.
712 2136 789 2187 IX‚·
818 2139 915 2177 165:

504 2214 785 2266 »Implevitque
812 2215 897 2271 suis
924 2226 1172 2255 nemorosum
1202 2216 1366 2258 vocibus
1395 2216 1558 2257 Oeten«.

365 2290 465 2330 Item
507 2302 692 2330 versuum
733 2292 811 2330 364
848 2303 916 2342 sq.,
953 2291 1023 2331 ubi
1065 2293 1203 2332 nutrix
1244 2293 1342 2332 alias
1385 2306 1546 2345 quoque
1588 2291 1800 2333 Herculem

236 2355 422 2394 dilexisse
450 2358 566 2395 antea
593 2358 734 2406 nuptas
762 2359 802 2395 et
830 2357 1002 2407 virgines
1029 2361 1164 2398 monet
1189 2357 1428 2408 Deianiram,
1456 2371 1508 2398 ex
1526 2359 1644 2409 Soph.
1663 2357 1798 2397 Trach.

236 2421 314 2459 459
344 2433 403 2472 sq.
443 2421 636 2471 originem
675 2433 760 2461 esse
799 2421 1017 2461 ducendam
1058 2422 1172 2463 facile
1212 2424 1416 2467 concedas,
1481 2424 1528 2463 In
1556 2424 1801 2475 singulorum

236 2488 364 2525 autem
394 2487 687 2527 enumeratione
717 2499 892 2527 amorum
922 2487 1109 2529 Ovidium
1136 2489 1363 2540 praebuisse
1391 2490 1593 2529 materiam
1616 2490 1710 2539 (her.
1729 2488 1801 2528 IX.

237 2551 286 2588 47
314 2550 391 2603 sq.)
419 2552 497 2590 iam
525 2552 627 2591 vidit
654 2552 898 2606 Melzerus.²)

364 2648 387 2688 ¹)
411 2648 563 2681 Probavit
584 2649 709 2683 Schanz
732 2650 771 2684 G.
792 2651 824 2685 d.
849 2651 887 2685 R.
910 2651 947 2684 L.
971 2651 1028 2691 11²,
1053 2652 1083 2685 1.
1105 2653 1182 2687 230.

294 2757 333 2790 16
368 2703 394 2745 ⁸)
421 2703 489 2736 »De
516 2704 658 2737 Hercule
680 2704 799 2738 Oetaeo
821 2707 1015 2739 Annaeauo«
1040 2706 1168 2749 scn‘psit
1189 2707 1226 2742 P.
1249 2708 1379 2749 Melzer,
1401 2708 1494 2750 Prgr.
1516 2709 1684 2742 Chemnitz
1720 2710 1805 2743 1890

237 2765 267 2796 p.
356 2759 463 2793 adnot.
471 2759 501 2801 *)

1721 2831 1762 2864 3*
