2160 3067
1041 115 1284 152 -4-

507 222 648 273 Neque
676 234 771 262 vero
798 223 841 260 in
870 222 1020 262 medias
1050 233 1113 261 res
1140 222 1200 261 ire
1228 221 1342 261 nobis
1369 221 1473 271 licet,
1505 222 1736 273 priusquam
1763 216 1951 261 materiae

374 287 489 326 nobis
534 287 688 326 oblatae
729 287 999 338 recognitione
1040 286 1174 326 habita
1216 286 1442 326 emittamus
1485 297 1541 337 ea,
1584 286 1729 337 quibus
1761 286 1948 326 Senecam

376 353 545 392 Graecos
565 364 651 392 esse
679 355 862 391 secutum
888 352 988 391 salse
1017 355 1206 391 statutum
1237 355 1307 392 est.
1323 353 1354 400 ι)
1407 351 1509 391 Nam
1538 355 1583 391 ut
1610 352 1837 391 omittamus
1864 351 1954 390 illos

375 417 507 457 Latini
535 419 672 469 poetae
695 417 802 457 locos
821 417 864 456 in
882 418 1213 469 comparationem
1236 419 1407 467 vocatos,
1426 417 1496 467 qui
1518 417 1713 467 quomodo
1732 416 1782 456 ad
1805 416 1955 471 Graeca

378 483 601 534 pertineant
628 482 882 534 exemplaria,
910 484 1090 534 quamvis
1121 484 1335 534 cupiamus,
1372 495 1452 521 non
1485 482 1681 534 possimus
1710 482 1949 532 intellegere,

378 549 476 587 illud
496 549 754 600 potissimum,
775 549 843 600 qui
864 548 1118 590 contulerunt
1135 549 1207 589 hos
1226 548 1345 599 locos,
1363 560 1501 600 parum
1521 548 1743 602 respexisse
1762 548 1952 599 videmus,

380 615 485 664 quod
515 614 665 654 Seneca
693 617 848 666 praeter
876 614 1026 654 Graeca
1054 614 1293 665 exemplaria
1321 614 1461 653 Latina
1500 625 1658 665 quoque
1693 618 1784 653 ante
1818 613 1953 657 oculos

381 680 528 719 habuit.
586 679 673 727 Quo
702 679 853 721 factum
882 683 950 731 est,
990 683 1035 719 ut
1069 680 1116 719 ad
1147 679 1402 731 Aeschylum,
1442 679 1684 731 Sophoclem,
1723 678 1952 731 Euripidem

380 745 585 794 referrent,
624 757 726 796 quae
763 758 854 784 cum
898 745 1073 795 Horatio,
1111 744 1300 796 Vergilio,
1341 744 1483 784 Ovidio
1523 747 1635 784 erant
1673 744 1953 795 componenda.

381 812 482 850 Sunt
521 811 703 861 denique,
745 823 845 862 quae
874 823 952 850 non
982 811 1114 850 minus
1143 823 1192 849 ex
1223 810 1301 850 illis
1338 823 1456 861 quam
1494 822 1547 850 ex
1581 811 1641 849 his
1678 811 1834 861 sumpta
1867 821 1954 849 esse

380 877 602 916 videantur.

513 942 724 980 Ordiamur
750 943 873 992 igitur
901 942 948 980 ab
977 941 1188 981 Horatio.
1204 944 1234 991 2)

514 1006 603 1048 Sen.
633 1006 770 1045 Troad.
805 1007 880 1045 128
911 1018 973 1057 sq:

650 1086 804 1122 »tecum
833 1083 978 1121 cecidit
1005 1084 1104 1132 (scil.
1124 1077 1552 1134 patria)'summusque
1571 1083 1653 1122 dies

669 1147 854 1187 Hectoris
882 1148 984 1187 idem
1014 1148 1241 1199 patriaeque
1268 1148 1382 1190 fuit«

381 1225 413 1263 si
442 1224 491 1263 de
519 1224 738 1263 imitatione
768 1224 1021 1275 cogitandum
1049 1227 1118 1275 est,
1147 1224 1209 1264 vel
1234 1224 1321 1264 ideo
1346 1225 1452 1276 quod
1472 1224 1522 1265 de
1543 1225 1686 1263 cantici
1711 1224 1796 1263 1000
1820 1226 1957 1281 agitur·

381 1290 429 1328 ad
458 1290 555 1328 Hor.
577 1302 693 1328 carm.
714 1289 750 1328 Il
782 1291 819 1340 4,
850 1293 872 1328 9
902 1289 1128 1330 referendos
1156 1302 1317 1330 censeo:

622 1366 830 1406 »barbarae
859 1369 1064 1418 postquam
1093 1367 1271 1406 cecidere
1300 1366 1438 1406 turbae

644 1432 827 1471 Thessalo
856 1434 1007 1470 victore
1034 1439 1071 1471 et
1101 1433 1306 1483 ademptus
1333 1432 1492 1481 Hector,

647 1497 809 1535 tradidit
836 1496 950 1536 fessis
978 1497 1126 1536 leviora
1153 1497 1237 1535 tolli

844 1562 1036 1613 Pergama
1064 1561 1201 1601 Grais«
1221 1564 1251 1608 8)

386 1640 463 1665 11011
492 1628 540 1665 ad
569 1627 664 1669 Eur.
694 1627 793 1667 Hec.
823 1630 873 1667 21
906 1630 1016 1679 sq:⁴)

650 1694 754 1738 „enez
783 1694 826 1732 δὲ
858 1693 975 1743 Τροία
1004 1694 1047 1732 θ’
1071 1693 1259 1743 Ἕκτορος
1285 1694 1319 1731 τ’
1353 1694 1562 1733 ἀπόλλυται

649 1759 759 1809 ψυχὴ
788 1758 952 1809 πατρῴα
980 1759 1023 1796 θ’
1042 1759 1142 1797 ἑστία
1172 1759 1434 1809 κατεσκάφη.“

519 1834 702 1874 Ceterum
732 1835 850 1872 huius
879 1835 1098 1873 sententiae
1129 1835 1398 1885 archetypum,
1438 1837 1484 1873 ut
1511 1835 1565 1873 ita
1593 1835 1733 1884 dicam,
1772 1836 1842 1873 vix
1873 1847 1961 1874 esse

386 1899 651 1946 statuendum,
694 1900 781 1938 loco
825 1912 848 1938 a
889 1899 1100 1939 Liedloffio
1114 1901 1144 1948 ⁶)
1187 1904 1241 1951 (p.
1276 1899 1340 1952 10)
1383 1899 1497 1938 allato
1540 1900 1823 1951 comprobatur,
1870 1900 1960 1939 dico

519 1974 542 2016 ¹)
565 1975 743 2007 Braunium
767 1974 935 2015 imprimis,
965 1975 1025 2006 etsi
1048 1973 1117 2006 laus
1140 1975 1169 2006 ei
1198 1974 1334 2007 debetur
1360 1977 1492 2016 propter
1519 1983 1668 2016 magnam
1691 1974 1725 2006 in
1746 1974 1825 2007 locis
1848 1975 1960 2006 confe-

386 2028 494 2062 rendis
519 2029 718 2070 industriam,
744 2030 852 2061 tamen
875 2029 1000 2061 minore
1023 2038 1118 2071 quam
1135 2039 1214 2071 opus
1238 2031 1307 2061 erat
1329 2028 1503 2062 subtilitate
1525 2029 1559 2061 in
1574 2038 1613 2061 ea
1628 2038 1663 2061 re
1684 2038 1780 2062 usum
1803 2038 1875 2061 esse
1898 2029 1960 2061 iam

385 2082 436 2114 alii
460 2085 661 2117 notaverunt.
685 2084 728 2117 cf.
745 2084 886 2115 Werner
908 2083 927 2116 1.
952 2094 979 2117 0.
1003 2093 1072 2124 pag.
1093 2083 1155 2125 22;
1193 2084 1266 2116 Pais
1289 2083 1382 2124 Alfr„
1407 2083 1430 2115 il
1452 2086 1554 2115 teatro
1575 2084 1608 2115 di
1631 2084 1666 2117 L.
1691 2085 1805 2121 Anneo
1827 2083 1961 2122 Seneca,

384 2137 498 2169 Torino
523 2138 609 2171 1890
631 2147 701 2179 pag.
726 2138 785 2178 28;
823 2138 907 2170 idem
932 2137 991 2170 riv.
1015 2137 1046 2170 di
1069 2137 1149 2172 filol.
1174 2137 1255 2170 XVI
1278 2137 1401 2180 (1888),
1424 2137 1500 2172 279.

517 2192 543 2231 ²)
566 2193 662 2233 Spika
695 2193 737 2232 J.,
782 2193 822 2224 de
863 2192 1039 2224 imitatione
1081 2193 1258 2225 Horatiana
1295 2193 1327 2224 in
1369 2193 1511 2225 Senecae
1545 2192 1677 2224 canticis
1707 2192 1806 2233 chori,
1848 2192 1960 2234 Progr.

388 2245 524 2280 vindob.
550 2246 645 2281 1890.

518 2299 664 2340 Zingerle
686 2301 775 2340 Ant„
798 2310 838 2331 zu
861 2302 1010 2340 spateren
1032 2299 1242 2332 lateinischen
1265 2299 1431 2339 Dichtern,
1455 2299 1480 2333 1.
1504 2299 1682 2332 lnnsbruck
1706 2301 1801 2336 1873.

517 2353 544 2395 ³)
568 2353 665 2395 Spika
686 2353 707 2388 l.
731 2363 759 2388 0.
777 2364 808 2394 p.
836 2354 889 2394 11;
913 2353 956 2387 ef.
980 2353 1106 2386 Hanier
1128 2354 1191 2394 Fr„
1214 2353 1460 2394 Bemerkungen
1483 2364 1523 2386 zu
1546 2354 1610 2392 den
1629 2354 1801 2396 Tragodien
1824 2355 1882 2387 des
1903 2355 1960 2388 Se—

387 2408 470 2439 neka
492 2408 698 2449 (Festschrift
720 2408 745 2442 f.
761 2406 910 2448 Vahlen),
934 2407 1043 2439 Berlin
1069 2407 1154 2440 1900
1176 2418 1207 2448 p.
1230 2407 1305 2440 452.

517 2461 666 2494 Sudhaus
688 2461 728 2493 ad
753 2462 848 2495 Aetn.
871 2461 933 2494 591
960 2462 1043 2503 (pag.
1066 2461 1155 2503 209.)

519 2518 545 2557 ⁴)
569 2516 609 2548 111
631 2515 794 2557 Eiuipidis
827 2515 905 2548 loeis
931 2516 1109 2548 afferendis
1142 2518 1271 2548 secutus
1305 2526 1374 2548 sum
1410 2516 1544 2548 Nauckii
1583 2517 1813 2556 recensionem,
1847 2517 1879 2548 in
1902 2515 1960 2549 So-

386 2569 500 2612 phocle
524 2570 759 2602 Schneidewini
782 2572 816 2602 et
837 2569 982 2611 Nauckii,
1005 2570 1039 2602 in
1055 2569 1216 2611 Aeschylo
1240 2569 1410 2604 Wecklini.
1432 2570 1574 2603 Senecae
1598 2581 1747 2603 versuum
1772 2570 1897 2602 numeri
1919 2571 1959 2602 ad

386 2624 503 2656 Leonis
526 2623 748 2656 recensionem
771 2623 933 2656 referendi
956 2626 1041 2656 sunt.

517 2679 544 2721 ⁸)
567 2678 709 2712 Liedloff
730 2679 824 2720 Kurt,
847 2679 908 2711 Die
932 2678 1363 2720 Beneaungvgrieehiseher
1384 2679 1448 2711 und
1465 2679 1641 2711 romischer
1657 2679 1781 2712 Muster
1802 2678 1836 2711 in
1858 2678 1958 2712 Sene-

386 2733 441 2765 kas
463 2734 602 2765 Troades
626 2734 690 2765 und
715 2733 758 2765 im
785 2735 1012 2773 Agamemnon.
1058 2734 1169 2775 Ptogr.
1194 2733 1339 2766 Grimma
1363 2733 1457 2767 1902.

995 2866 1101 2912 >M9⁴L⁴
1118 2903 1138 2920 -3
1149 2896 1191 2911 mn
1204 2899 1215 2917 (
1230 2866 1362 2919 <441⁴”2A

1285 2979 1320 3007 xi
