2160 3067
1024 95 1268 133 -8-

369 204 547 244 »Viderit
573 204 648 243 ista
677 203 785 252 deuS,
825 204 893 255 qui
929 215 1039 243 nunc
1073 216 1163 244 mea
1199 206 1357 256 pectora
1391 206 1541 244 versat«
1581 203 1677 257 (ber.
1710 203 1801 256 XII,
1841 203 1938 258 211)

365 270 562 319 Braunius
582 269 742 320 confert,
757 269 892 309 eodem
909 270 996 309 iure
1015 269 1291 321 Vergilianum
1306 269 1404 309 illud
1424 270 1562 322 »plena
1578 270 1674 310 deo«
1694 268 1724 323 ¹)
1739 270 1941 321 exemplar

364 336 489 375 fuisse
519 336 664 375 dixerit
691 334 759 388 (cf.
789 334 878 374 Sen.
907 334 1010 377 Med.
1043 335 1122 374 382
1156 335 1341 375 »entheos
1362 334 1610 388 gressus‹)¹).

497 444 613 484 Solus
641 447 773 484 autem
792 443 960 484 Ovidius
979 443 1151 484 Senecae
1180 444 1290 484 hisce
1317 444 1498 484 versibus
1526 444 1576 484 ob
1604 445 1740 484 oeulos
1762 447 1941 484 versatus

366 523 451 550 esse
480 510 653 550 videtur:

497 592 588 631 Sen.
619 592 720 632 Med.
753 593 830 632 118
860 604 934 643 sq.:

701 675 798 714 »hoc
825 675 955 715 facere
983 675 1099 714 Iason
1129 676 1257 726 potuit
1284 678 1416 727 erepto
1446 678 1553 726 patre

697 742 822 792 patria
849 744 968 790 atque
1001 752 1122 792 regno
1151 741 1311 780 sedibus
1339 741 1461 780 solam
1491 742 1640 780 exteris

698 806 876 846 deserere
904 806 1027 845 durus
1037 807 1080 845 P«

498 888 685 928 Conferas
715 888 786 929 Ov.
808 889 890 928 her.
911 888 1004 932 XII,
1036 890 1109 928 161
1143 900 1222 938 sq.:

702 971 893 1013 »deseron
913 971 1067 1009 amissis
1083 982 1205 1021 regno
1222 971 1427 1021 patriaque
1447 970 1653 1021 domoque.
1672 1000 1680 1008 .
1698 986 1729 1009 .«

491 1057 677 1109 Sensum,
707 1058 836 1109 quiin
865 1058 928 1097 his
957 1058 1137 1097 versibus
1165 1058 1278 1109 inest,
1299 1057 1404 1110 apud
1426 1057 1656 1110 Euripidem
1675 1069 1833 1109 quoque
1861 1070 1941 1097 non

367 1124 487 1163 semel
515 1125 687 1164 inveniri
714 1127 856 1163 natura
883 1125 969 1163 fert
1025 1124 1084 1163 Cf.
1114 1124 1208 1164 Eur.
1239 1123 1342 1164 Med.
1373 1125 1451 1164 253
1490 1137 1548 1175 sq
1577 1128 1616 1163 et
1644 1126 1722 1163 798
1751 1136 1807 1175 sq.
1864 1124 1941 1171 Qui

367 1201 462 1228 vero
515 1190 748 1241 spectaverit
791 1189 1092 1229 similitudinem
1140 1190 1489 1240 constructionum,
1534 1180 1780 1240 singulorum
1825 1202 1941 1228 usum

369 1255 584 1294 eorundem
613 1254 719 1306 apud
747 1257 961 1305 utrumque
989 1254 1281 1304 vocabulorum,
1316 1256 1413 1304 quin
1444 1254 1577 1294 Ovidii
1605 1255 1715 1293 locus
1743 1267 1767 1293 a
1793 1254 1943 1294 Seneca

368 1319 435 1359 hic
462 1321 516 1359 sit
543 1322 756 1371 usurpatus
775 1320 939 1358 minime
961 1319 1175 1359 dubitabit.

501 1385 625 1424 Addit
651 1396 799 1436 paucos
827 1384 1085 1424 duodecimae
1115 1384 1249 1424 Ovidii
1276 1384 1448 1424 heroidis
1486 1385 1592 1424 locos
1620 1385 1793 1424 Antonio
1821 1384 1942 1434 Cima,

368 1451 425 1490 La
457 1450 643 1491 »Medea«
668 1450 708 1489 di
727 1449 877 1490 Seneca
895 1462 917 1489 e
952 1449 989 1489 la
1012 1449 1196 1489 »Medea«
1228 1449 1270 1488 di
1301 1449 1442 1490 Ovidio
1471 1448 1615 1503 (Atene
1643 1462 1665 1488 e
1691 1449 1819 1489 Roma
1837 1451 1941 1490 1904

370 1514 483 1568 [VH]
511 1516 585 1555 col.
617 1515 725 1567 227).
782 1515 922 1565 Neque
950 1519 1082 1554 tamen
1102 1515 1273 1555 Senecae
1302 1515 1464 1555 Medeae
1491 1527 1627 1554 versus
1654 1517 1734 1555 209
1763 1527 1821 1566 sq.
1851 1528 1942 1555 cum

369 1581 439 1621 Ov.
468 1581 616 1622 heroid.
646 1581 738 1632 XII,
777 1581 827 1620 27
858 1593 916 1632 sq.
958 1580 1093 1621 debuit
1133 1593 1377 1633 componere.
1440 1580 1533 1621 Fuit
1572 1582 1678 1622 enim
1717 1581 1942 1633 exemplum

367 1647 463 1689 Eur.
494 1646 600 1686 Med.
630 1648 724 1687 405.

499 1723 678 1763 Contulit
705 1724 875 1774 denique
895 1723 1028 1774 plures
1046 1723 1154 1763 locos
1168 1722 1326 1763 fabulae
1343 1724 1585 1764 Annaeanae
1604 1736 1683 1762 non
1703 1723 1832 1763 solum
1851 1736 1943 1762 cum

369 1789 602 1828 duodecima
645 1788 778 1828 Ovidii
821 1788 999 1839 epistula,
1054 1788 1124 1828 sed
1174 1789 1292 1828 etiam
1332 1800 1424 1827 cum
1463 1789 1604 1828 ceteris
1646 1789 1765 1827 huius
1804 1791 1941 1839 poetae

367 1854 551 1905 operibus
579 1854 779 1893 Braunius
806 1866 908 1894 mus.
937 1854 1063 1894 Rhen.
1094 1853 1260 1893 XXXII
1289 1851 1440 1906 (1887).

500 1942 562 1980 Ac
588 1941 669 1980 Leo
696 1941 856 1992 quidem
890 1941 1018 1980 »inter
1045 1940 1178 1979 Ovidii
1207 1941 1412 1991 epistulam
1442 1944 1481 1979 et
1504 1940 1677 1980 Senecae
1704 1940 1942 1992 tragoediam

367 2007 597 2046 affinitatem
639 2007 836 2056 quandam
877 2008 1091 2046 interesse«
1135 2018 1278 2057 negare
1320 2018 1398 2044 non
1437 2009 1573 2056 potest.
1631 2006 1706 2045 Sed
1736 2017 1787 2045 ex
1815 2017 1862 2044 ea
1888 2018 1943 2055 re,

368 2071 473 2121 quod
487 2070 676 2110 Ovidium
688 2083 768 2110 non
780 2071 904 2110 multo
918 2075 1008 2110 ante
1022 2071 1227 2110 heroidum
1242 2071 1565 2121 compositionem
1575 2069 1716 2122 (am.II
1738 2071 1798 2120 18,
1808 2072 1857 2108 21
1870 2071 1942 2120 sq.)

369 2137 607 2187 tragoediam
647 2148 759 2175 suam
798 2136 1022 2176 condidisse
1062 2137 1209 2176 scimus
1247 2134 1359 2188 (ibid.
1390 2148 1426 2176 v,
1461 2133 1537 2189 13),
1580 2135 1765 2187 quodque
1803 2147 1942 2175 »nemo

368 2203 497 2242 nescit
526 2202 710 2241 Ovidium
742 2215 820 2241 non
849 2202 1025 2253 singulos
1053 2205 1207 2241 tantum
1235 2213 1387 2252 versus,
1419 2201 1487 2241 sed
1518 2204 1619 2240 totos
1646 2201 1753 2240 locos
1781 2213 1831 2241 ex
1862 2214 1942 2241 uno

368 2269 411 2307 in
441 2268 609 2308 alterum
638 2280 795 2308 carmen
825 2268 1025 2307 interdum
1044 2269 1100 2306 ita
1119 2268 1375 2317 transtulisse,
1399 2270 1444 2305 ut
1462 2267 1625 2306 eandem
1646 2279 1727 2306 rem
1747 2267 1942 2306 similibus

366 2334 498 2372 verbis
538 2333 682 2372 iterum
721 2336 933 2383 narraret«,
962 2333 1064 2372 hanc
1102 2332 1196 2372 facit
1235 2333 1549 2371 conclusionem:
1584 2332 1746 2383 »Itaque
1774 2332 1943 2384 simplici

367 2411 457 2449 nec,
500 2400 535 2437 si
581 2399 677 2449 quid
718 2398 852 2448 video,
898 2397 1153 2449 improbabali
1194 2397 1447 2436 conclusione
1488 2409 1534 2436 eo
1579 2398 1851 2449 perducimur,
1898 2400 1943 2436 ut

503 2496 524 2538 ¹)
551 2495 772 2538 Vergilianum
798 2505 870 2528 esse
904 2496 1040 2528 testatur
1061 2495 1184 2528 Seneca
1217 2497 1308 2536 pater
1329 2504 1413 2530 suas.
1438 2494 1498 2534 ΙΙΙ,
1521 2496 1552 2529 5.
1598 2495 1667 2528 Hoc
1691 2505 1767 2528 vero
1789 2495 1829 2527 de
1855 2485 1941 2528 »loco

365 2551 625 2583 intricatissimo«
651 2551 799 2583 conferas
824 2552 952 2592 praeter
974 2550 1115 2582 Leonem
1138 2549 1163 2590 l,
1188 2550 1250 2582 166
1274 2550 1379 2581 adnot.
1404 2550 1426 2581 8
1448 2549 1589 2591 Norden,
1617 2550 1755 2582 Hermes
1778 2549 1941 2589 XXVIII,

367 2616 397 2647 p.
422 2606 488 2639 506
510 2615 559 2647 sq.

500 2672 525 2712 ²)
547 2672 699 2713 Neglexit
720 2671 845 2703 labores
867 2671 901 2702 in
924 2671 984 2703 bac
1009 2680 1044 2702 re
1066 2680 1086 2702 a
1108 2670 1185 2702 viris
1209 2670 1310 2703 doctis
1333 2671 1506 2703 exhaustos
1528 2671 1708 2703 Fridericus
1720 2670 1841 2712 Weege
1855 2670 1940 2702 Berl.

368 2726 421 2767 ph.
447 2726 498 2760 W.
523 2726 657 2759 XXVlI
680 2726 794 2766 (1907)
817 2726 877 2760 col.
901 2726 976 2760 516.
