2160 3067
885 161 1129 200 —13-

231 267 480 321 profiteretur
505 266 591 318 (Ep.
622 265 727 321 100),
755 267 874 307 duros
901 268 1106 319 lentosque
1133 279 1369 320 proavorum
1397 267 1518 306 libros
1545 267 1801 318 depromeret,

231 335 376 385 quippe
415 333 484 383 qui
525 344 720 382 nusquam
754 334 1016 373 acerbissimis
1054 334 1184 373 verbis
1212 337 1392 373 veterum
1420 345 1463 373 se
1492 335 1800 383 contemptorem

232 398 417 451 praebere
445 399 650 452 omitteret.
666 400 694 447 l)
728 398 821 438 Illos
840 410 932 439 vero
949 399 1066 447 locos,
1093 400 1160 450 qui
1177 411 1268 439 cum
1283 399 1474 439 archaicis
1489 398 1662 438 Senecae
1676 398 1800 449 scrip—

231 464 382 503 toribus
415 475 642 502 communes
678 476 763 503 esse
800 465 992 514 videntur,
1030 477 1211 515 magnam
1244 468 1394 515 partem
1426 464 1534 515 apud
1561 464 1799 515 posteriores

232 541 388 581 quoque
398 528 633 579 invenimus,
648 529 887 580 Ciceronem,
902 529 1134 584 Vergilium,
1147 529 1344 581 Ovidium,
1357 533 1402 569 ut
1416 529 1509 570 inde
1528 541 1595 569 eos
1612 543 1637 569 a
1650 529 1799 569 Seneca

231 597 408 645 sumptos
436 594 620 633 esseluce
642 595 696 633 eit
714 595 868 634 clarius.
909 595 990 634 Ubi
1017 607 1108 634 vero
1137 595 1213 635 hoc
1238 608 1319 634 non
1347 588 1582 643 invenimus,
1602 595 1797 635 Graecum

231 659 390 711 aliquod
423 659 647 710 exemplum
675 672 754 698 non
783 659 982 699 veteribus
1010 660 1137 699 solum
1166 661 1431 711 scriptoribus,
1456 660 1527 700 sed
1545 661 1623 711 ipsi
1642 671 1798 711 quoque

232 725 402 763 Senecae
434 726 524 762 ante
564 724 699 762 oculos
736 727 935 762 versatum
955 732 957 734 ·
976 736 1061 763 esse
1100 725 1349 763 censendum.
1420 725 1525 776 Ergo
1567 737 1619 764 ne
1657 725 1798 777 legisse

233 788 389 840 quidem
421 789 608 828 Senecam
636 788 725 828 illos
754 791 1059 828 consentaneum
1088 792 1157 831 est.

362 854 494 904 Atque
523 854 617 893 haec
645 852 804 904 quidem
833 853 1019 893 Straussii
1047 854 1252 894 sententia.
1321 853 1445 901 Quam
1474 857 1601 906 aptam
1631 866 1717 895 esse
1745 854 1795 894 ad

232 919 349 959 fidem
388 919 610 959 faciendam
645 923 762 970 atque
801 919 983 959 blandam
1012 919 1298 970 quodammodo
1327 921 1448 960 videri
1478 922 1604 972 primo
1633 924 1795 972 aspectu

231 995 281 1024 ne
328 996 400 1035 ego
447 984 605 1034 quidem
651 984 815 1035 negabo.
886 985 1070 1023 Attamen
1112 985 1217 1035 quod
1259 996 1372 1024 nemo
1414 977 1503 1025 fere
1539 997 1685 1037 eorum,
1727 987 1796 1037 qui

233 1051 418 1089 maiorem
465 1062 600 1089 curam
646 1050 817 1090 Senecae
863 1055 903 1090 et
941 1053 1146 1101 argenteae
1188 1051 1391 1090 latinitatis
1430 1044 1637 1091 universae
1678 1053 1794 1091 aetati

232 1115 420 1165 tribuunt,
447 1115 497 1154 ad
525 1115 634 1155 aliud
660 1116 839 1168 pervenit
865 1115 1070 1167 iudicium,
1099 1116 1229 1155 miror.
1242 1117 1272 1165 2)
1605 1110 1608 1112 ’

363 1192 587 1242 Numquam
616 1193 731 1231 velim
761 1193 802 1230 id
830 1192 1110 1231 obliviscamur
1135 1204 1213 1231 non
1243 1196 1289 1230 ut
1315 1193 1356 1230 in
1386 1204 1503 1231 arena
1522 1194 1574 1231 ita
1592 1194 1634 1231 in
1652 1194 1794 1232 litteris

232 1270 390 1308 quoque
420 1257 614 1297 cancellos
642 1270 729 1297 esse
757 1257 905 1307 ductos,
935 1270 1034 1308 quos
1062 1257 1166 1297 ultra
1182 1253 1364 1308 progredi
1382 1271 1460 1296 non
1480 1258 1606 1298 liceat.
1655 1257 1793 1308 Neque

232 1323 348 1370 enim,
397 1322 500 1371 quod
543 1334 683 1360 aureae
724 1322 803 1360 illis
845 1322 1096 1372 temporibus,
1138 1323 1199 1361 his
1241 1325 1448 1372 argenteae
1475 1323 1612 1361 aetatis
1653 1334 1795 1361 nomen

232 1386 456 1436 indidimus,
496 1387 546 1426 ob
586 1399 670 1426 eam
700 1399 783 1426 rem
823 1389 1000 1438 separata
1032 1387 1137 1427 inter
1168 1399 1254 1427 sese
1288 1389 1407 1437 atque
1436 1387 1589 1426 seclusa
1616 1399 1700 1426 esse
1727 1387 1791 1426 illa

230 1453 355 1502 spatia
377 1452 635 1502 opinabimur.
666 1452 774 1491 Bene
794 1452 915 1502 igitur
942 1453 1096 1490 monuit
1122 1452 1169 1491 R.
1196 1452 1370 1502 Ehwald,
1380 1454 1409 1498 ³)
1442 1464 1580 1502 »quam
1609 1453 1795 1492 continua

230 1517 332 1556 serie
360 1517 576 1556 litterarum
596 1520 851 1556 monumenta
867 1517 971 1556 inter
997 1529 1039 1556 se
1059 1517 1292 1556 cohaereant
1311 1520 1582 1568 quantumque
1600 1517 1797 1568 exemplar

231 1582 350 1621 semel
388 1581 536 1633 fictum,
564 1584 599 1622 si
629 1582 742 1622 modo
771 1581 920 1633 aliquid
947 1582 1137 1634 praeclari
1165 1583 1204 1621 in
1241 1594 1286 1622 eo
1314 1583 1453 1634 inerat,
1483 1582 1533 1622 ad
1561 1583 1795 1634 posteriores

230 1648 407 1698 valuerit,
447 1649 674 1699 praesertim
714 1648 817 1699 apud
857 1651 1020 1694 veteres,
1061 1648 1203 1699 quibus
1240 1649 1387 1688 formae
1424 1649 1542 1688 semel
1573 1638 1795 1700 procreatae

230 1714 271 1752 in
302 1715 411 1752 omni
439 1715 582 1753 artium
609 1714 907 1765 litterarumque
934 1726 1076 1765 genere
1103 1715 1216 1765 quasi
1244 1716 1400 1766 typicae
1427 1714 1575 1754 fiebant
1598 1744 1608 1753 .
1630 1744 1640 1753 .
1660 1746 1669 1754 .
1694 1730 1711 1750 «

365 1791 443 1828 »At
476 1802 527 1829 ne
560 1791 655 1840 legit
692 1790 849 1841 quidem
886 1790 1037 1830 Seneca
1065 1794 1241 1831 veterum
1271 1791 1525 1842 tragoedias.‹<
1586 1791 1698 1838 Quod
1728 1792 1796 1841 qui

230 1855 336 1904 dicit,
372 1867 462 1894 cum
492 1856 651 1894 laudare
681 1856 764 1894 vult
792 1859 955 1906 poetam,
984 1857 1206 1907 vituperare
1235 1857 1400 1895 videtur.
1457 1851 1555 1903 Quis
1583 1857 1699 1906 enim,
1729 1857 1795 1906 qui

231 1920 292 1958 vel
327 1920 564 1960 mediocrem
598 1921 738 1960 habeat
775 1922 1040 1972 cognitionem
1067 1922 1217 1973 ingenii
1246 1926 1365 1973 atque
1393 1934 1547 1961 morum
1575 1922 1681 1960 illius
1709 1922 1796 1971 viri,

232 1985 345 2024 talem
375 1997 465 2024 eum
499 1986 622 2025 fuisse
650 1989 794 2037 censet,
823 1990 867 2025 ut
905 1999 962 2036 ea,
1003 1999 1102 2037 quae
1140 1999 1191 2026 ne
1227 1987 1322 2038 legit
1359 1987 1528 2038 quidem,
1565 1987 1634 2026 sed
1661 1987 1797 2038 paucis

362 2094 386 2135 ¹)
409 2094 520 2126 Affert
540 2095 720 2127 Straussius
742 2095 828 2127 locos
850 2095 914 2127 hue
936 2095 1135 2136 pertinentes
1157 2096 1190 2127 et
1212 2106 1232 2128 a
1253 2095 1355 2128 Gellio
1377 2096 1418 2129 N.
1434 2098 1473 2130 A.
1497 2096 1574 2136 XII,
1596 2095 1618 2126 2
1637 2094 1796 2128 collectos.

229 2146 271 2180 cf.
295 2147 485 2190 Bernhardy
510 2150 547 2183 G.
570 2149 601 2184 d.
624 2159 651 2184 r.
674 2149 711 2184 L.
737 2149 820 2183 1857
842 2149 857 2172 ³
879 2149 985 2184 adnot.
1008 2149 1089 2191 2123
1112 2150 1193 2191 2133
1215 2149 1296 2192 2183
1319 2150 1394 2184 303.

359 2214 386 2253 ²)
399 2215 554 2248 conferas
565 2215 704 2257 exempli
715 2225 812 2248 causa
817 2216 1083 2248 Wochenschrift
1092 2217 1116 2251 f.
1124 2216 1218 2249 klass,
1228 2216 1342 2249 Philol.
1350 2216 1397 2250 VI
1409 2216 1527 2256 (1889),
1534 2216 1588 2257 21,
1607 2215 1667 2250 ool.
1676 2216 1739 2248 577
1747 2225 1796 2256 sq.

361 2280 460 2314 Plane
488 2291 656 2323 perperam
690 2282 765 2314 Pais
791 2281 932 2315 iudicare
973 2282 1051 2314 mihi
1079 2282 1206 2315 videtur
1246 2282 1279 2322 (il
1301 2284 1402 2315 teatro
1424 2282 1457 2314 di
1479 2282 1515 2316 L.
1540 2283 1652 2314 Anneo
1674 2281 1797 2315 Seneca

228 2346 258 2376 p.
282 2336 349 2377 99),
378 2335 432 2377 qui
467 2338 741 2378 Agamemnonem
774 2335 916 2369 Senecae
949 2336 1194 2369 abiudicandum
1230 2346 1301 2370 esse
1331 2337 1406 2369 inde
1429 2335 1600 2377 concludit,
1623 2336 1717 2377 quod,
1740 2335 1795 2377 qui

230 2391 502 2430 Agamemnonem
535 2390 721 2431 condiderit,
744 2392 778 2422 et
799 2391 958 2422 Graecum
980 2392 1014 2422 et
1035 2391 1216 2423 archaicum
1241 2393 1371 2423 secutus
1393 2390 1435 2422 sit
1456 2389 1633 2431 exemplar,
1655 2389 1687 2421 id
1710 2389 1794 2430 quod

228 2443 368 2477 Senecae
390 2444 491 2486 ipsius
513 2443 655 2478 moribus
678 2444 818 2478 alienum
840 2444 892 2479 sit.
929 2444 1071 2479 Senecae
1093 2444 1217 2479 scilicet
1237 2445 1429 2480 imitatorem
1444 2444 1607 2478 archaicos
1626 2452 1796 2486 usurpasse

230 2500 336 2538 poetas
370 2499 451 2531 nihil
483 2500 626 2541 impedit,
660 2500 830 2542 quominus
858 2500 1037 2541 credamus,
1065 2501 1172 2542 ipsum
1203 2500 1282 2533 illud
1310 2501 1426 2533 fecisse
1454 2499 1642 2541 magistrum
1664 2498 1796 2531 minime

229 2554 333 2594 potest
366 2554 507 2587 concedi.
547 2554 601 2592 ,Ut
630 2554 757 2588 silentio
789 2555 990 2597 praeteream
1012 2556 1111 2588 totam
1146 2554 1339 2597 opinionem,
1367 2564 1431 2598 qua
1451 2555 1618 2596 separatur
1638 2563 1658 2586 a
1679 2553 1795 2586 ceteris

228 2608 396 2649 tragoediis
424 2610 645 2651 Agamemnon
676 2609 834 2652 (exceptis
864 2609 933 2644 scil.
956 2605 1090 2643 Octavia
1112 2611 1145 2643 et
1166 2609 1307 2643 Hercule
1330 2609 1472 2652 Oetaeo),
1495 2608 1702 2641 vetustiorem
1725 2617 1796 2641 esse

228 2664 322 2705 atque
344 2663 577 2705 obsoletiorem,
600 2674 696 2707 quam
718 2666 756 2698 ut
777 2674 861 2698 anno
886 2665 970 2699 1890
994 2675 1023 2707 p.
1048 2665 1124 2700 chr.
1147 2675 1180 2700 n.
1204 2675 1274 2698 eam
1297 2664 1391 2698 liceat
1413 2673 1597 2706 recoquere.

355 2729 382 2771 ³)
413 2730 453 2764 R.
468 2729 612 2771 Ehwald,
635 2730 685 2763 Ad
706 2730 871 2764 historiam
886 2730 1066 2763 carminum
1080 2730 1307 2764 Ovidianorum
1322 2730 1607 2772 recensionemque
1621 2728 1795 2771 symbolae.

228 2782 350 2816 Gothae
376 2785 458 2818 1889
482 2795 512 2825 p.
536 2786 567 2817 5.
