2160 3067
1031 124 1273 161 -24-

502 232 690 272 Conferas
719 233 808 272 Seu.
839 233 983 272 Phoen.
1018 234 1112 271 135:

638 297 782 336 »frater
808 309 970 336 suorum
1000 296 1168 336 liberum
1197 299 1238 337 et
1264 297 1431 336 fratrum
1458 308 1637 349 parens«

502 374 551 412 ad
581 374 675 413 Eur.
707 375 853 413 Phoen.
889 374 1014 413 1610:

631 451 796 497 υπαῖδάς
823 451 855 489 τ’
887 450 1082 502 ἀδελφοὺς
1110 451 1275 490 ἔτεκον.“

502 530 541 565 et
569 527 684 578 Soph.
715 526 810 566 Oed.
841 530 916 577 tyr.
945 528 1043 565 45¹7:

635 604 869 654 ,φανήσεται
899 603 941 642 δὲ
968 603 1076 642 παισὶ
1102 607 1180 646 τοῖς
1209 603 1327 642 αὑτοῦ
1356 603 1486 648 ξυνὼν

634 668 804 718 ἄόελφὸς
833 667 949 710 αὐτὸς
977 668 1044 706 καὶ
1071 668 1233 718 πατήρ.“

501 786 600 827 Item
629 787 746 827 Herc.
776 788 851 827 fur.
884 789 1008 827 1201:
1051 789 1221 827 »crimen
1259 799 1473 827 novercae«
1514 799 1605 828 cum
1640 787 1794 826 duobus
1828 786 1942 826 Euri-

370 854 474 904 pidis
501 854 599 893 locis
629 854 808 905 componi
838 857 985 905 potest:

502 941 594 980 Eur.
624 941 744 981 Herc.
774 941 849 979 fur.
884 942 1004 979 1191:

485 1050 488 1052 .
633 1006 777 1056 ,ἴΗρας
805 1007 866 1045 ὅδ’
899 1007 1029 1056 ἀγῶν’

372 1092 412 1127 et
430 1087 524 1126 Eur.
546 1088 662 1128 Herc.
681 1088 759 1127 fur.
782 1089 903 1126 1311:

634 1165 731 1209 „oz'm
760 1166 858 1203 ἔστιν
886 1165 1004 1203 ἄλλου
1034 1165 1236 1219 δαιμόνων
1264 1165 1374 1214 ἀγὼν
1402 1165 1469 1203 ὅὸε

634 1232 657 1280 ἢ
686 1234 753 1280 τῆς
781 1229 872 1272 Διὸς
902 1230 1132 1279 δάμαρτος.“

505 1311 579 1362 (Cf.
609 1311 703 1352 Eur.
734 1310 831 1350 Hec.
861 1312 913 1349 40
943 1323 1023 1360 sq.;
1054 1313 1149 1359 (188
1179 1315 1270 1361 sq.);
1311 1312 1391 1350 ‘220
1421 1323 1480 1361 sq.
1510 1315 1550 1350 et
1578 1311 1667 1350 Sen.
1697 1311 1830 1350 Troad.
1864 1312 1939 1350 195
1987 1305 1989 1307 ’

370 1388 444 1426 sq.;
476 1377 554 1416 942
585 1374 660 1428 sq.)

503 1494 707 1546 Persaepe‚
745 1496 777 1533 si
813 1498 1042 1534 contextum
1081 1507 1266 1535 versuum
1303 1506 1524 1545 sequemur,
1565 1497 1669 1534 tecte
1708 1495 1749 1533 in
1788 1495 1862 1534 hac
1897 1506 1940 1533 re

371 1560 648 1600 iudicabimus.
707 1561 785 1600 Ubi
815 1561 920 1599 enim
950 1572 1011 1599 res
1040 1561 1161 1600 dubia
1189 1565 1258 1610 est,
1287 1560 1553 1612 spectandum,
1585 1565 1714 1599 utrum
1740 1560 1847 1599 solus
1865 1563 1941 1600 stet

371 1637 517 1671 versus,
547 1639 594 1664 an
627 1630 708 1664 tota
736 1627 867 1675 series,
898 1627 1012 1664 cuius
1041 1627 1082 1664 in
1112 1627 1249 1665 ordine
1269 1627 1505 1675 continetur,
1534 1639 1557 1664 a
1585 1626 1733 1665 Seneca
1751 1626 1804 1664 sit
1826 1637 1940 1664 usur—

371 1695 469 1741 pata.
527 1691 641 1737 Quod
670 1692 701 1729 si
735 1692 787 1730 ita
815 1696 884 1740 est,
914 1704 992 1730 non
1022 1691 1300 1741 dubitabimus,
1330 1692 1424 1741 quin
1456 1704 1544 1730 eum
1568 1691 1778 1730 habeamus
1796 1690 1939 1739 locum,

370 1756 439 1804 qui
468 1756 509 1793 in
539 1757 870 1805 comparationem
904 1760 1075 1794 vocetur.
1134 1756 1187 1795 Ut
1215 1756 1439 1805 exemplum
1470 1755 1643 1804 afferam,

503 1833 592 1871 Son.
624 1831 717 1870 Oed.
748 1833 847 1870 804:

640 1907 814 1957 »Regum
843 1906 1054 1957 superbam
1084 1906 1199 1945 liberi
1228 1907 1450 1958 astringunt
1477 1906 1622 1945 fidem«

371 2001 585 2049 quominus
615 2012 707 2038 cum
736 1999 831 2037 Eur.
863 1999 965 2038 Med.
992 2000 1090 2038 597:

635 2075 869 2126 ,,τυράννους
896 2076 1047 2120 παῖδας,
1076 2076 1202 2126 ἔρυμα
1233 2076 1431 2126 ὁώμασιν“

371 2161 638 2207 componatur,
667 2170 738 2207 per
757 2169 798 2195 se
826 2157 926 2195 nihil
945 2157 1121 2207 impedit.

503 2233 581 2273 Sed
615 2233 649 2272 si
690 2232 1025 2272 considerabimus
1060 2234 1100 2271 in
1138 2232 1316 2272 versibus
1350 2236 1388 2272 et
1422 2232 1490 2282 qui
1525 2232 1763 2272 antecedunt
1798 2235 1837 2271 et
1872 2232 1941 2282 qui

370 2301 592 2349 sequuntur
638 2298 870 2348 Sophoclem
918 2298 1144 2348 exemplum
1188 2298 1360 2337 Senecae
1403 2297 1640 2348 praebuisse,
1682 2309 1821 2337 versus
1861 2297 1940 2335 804

370 2365 559 2414 originem
605 2375 838 2414 quaeremus
881 2364 921 2401 in
962 2363 1078 2413 Soph.
1110 2363 1203 2402 Ocd.
1234 2367 1307 2413 tyr.
1345 2364 1463 2401 1022:
1510 2364 1556 2414 „²5
1592 2363 1666 2413 γὰρ
1699 2363 1790 2412 πρὶν
1824 2361 1941 2400 αὐτὸν

371 2427 531 2474 ‘Effusae'
569 2428 763 2467 duacdcaf‘

371 2522 430 2559 Ob
461 2522 623 2560 eandem
655 2532 813 2559 causam
844 2520 932 2561 Sen.
965 2520 1059 2558 Oed.
1091 2523 1188 2560 813:

631 2603 803 2636 »tumore
828 2599 967 2635 nactus
996 2608 1138 2635 nomen
1168 2609 1214 2635 ac
1244 2597 1341 2635 vitio
1370 2596 1536 2647 pedum«

370 2678 600 2716 referendus
629 2682 689 2716 est
716 2677 766 2715 ad
795 2677 912 2726 Soph.
943 2677 1038 2718 Oed.
1070 2681 1144 2726 tyr.
1179 2678 1300 2715 1036:

633 2743 748 2787 ,ὥστ’
781 2743 1024 2793 ὠνομάσθης
1053 2743 1096 2781 ἐκ
1125 2743 1243 2793 τύχης
1271 2743 1409 2793 ταύτης
1438 2743 1481 2785 ὅς
1509 2742 1562 2781 εἳ“
