2160 3067
930 113 1172 150 -19-

403 219 495 259 Eur.
538 219 610 271 frg.
643 219 746 258 1065
775 218 844 258 N.:

535 285 582 336 „2³7
609 288 688 328 τοῖς
715 285 757 324 ἕν
784 286 883 335 οἴκῳ
910 286 1082 337 χρήμασι
1109 286 1355 337 λελείμμεθα,

534 351 558 401 ἦ
589 351 625 389 δ’
651 351 819 400 εὐγένεια
847 350 913 389 καὶ
939 350 983 389 τὸ
1012 355 1186 401 γενναῖον
1212 352 1352 401 μένει.“

402 449 563 488 Tantam
603 450 668 488 hie
706 450 820 488 Accii
859 461 904 488 ac
931 449 1102 490 Senecae
1141 450 1448 489 similitudinem,
1481 461 1566 488 esse
1609 450 1756 499 opinor,
1796 452 1840 486 ut

273 515 449 566 longiore
476 514 732 567 supersedere
761 515 857 554 mihi
885 515 1019 555 videar
1045 527 1159 567 posse
1187 516 1537 566 argumentatione.

403 634 626 685 Sequantur
653 635 731 674 duo
760 636 948 687 exempla,
978 636 1046 675 ubi
1073 635 1293 675 Straussius
1321 636 1475 686 singula
1498 635 1615 675 verba
1642 635 1837 686 singulas-

273 712 351 750 que
378 700 598 740 locutiones
628 700 773 740 alicubi
803 713 959 752 quoque
992 704 1182 740 monstrat
1208 702 1391 741 inveniri.
1448 701 1512 740 Ex
1547 713 1594 740 ea
1631 713 1724 740 vero
1752 702 1838 752 ipsa

272 778 315 805 re
343 765 577 805 concludere
604 766 652 806 de
689 767 934 806 mutuatione
970 767 1049 806 dici
1083 779 1162 806 non
1196 778 1310 818 posse
1346 767 1560 806 absurdum
1597 770 1665 806 est.
1722 766 1838 805 Valet

273 832 379 871 enim
406 832 495 883 plus
524 832 689 882 singulis
720 833 919 872 vocabulis
955 844 1088 873 rerum
1124 836 1346 873 contextus.
1401 832 1492 872 Non
1529 844 1621 884 ergo
1657 845 1709 872 ex
1749 832 1837 883 qui-

211 906 215 910 ·
274 898 517 948 buscumque
545 898 641 937 locis
681 899 882 938 consuisse
910 900 1139 950 scriptorem
1178 899 1349 949 aliquam
1388 900 1619 938 sententiam
1662 898 1836 937 affirma-

277 964 416 1013 bimus,
445 976 535 1003 cum
565 964 724 1004 eosdem
747 965 854 1004 locos
880 966 921 1003 in
951 977 1031 1004 uno
1065 966 1246 1015 exemplo
1276 966 1507 1004 coniunctos
1535 964 1779 1004 habebimus.

272 1062 334 1100 Ad
364 1062 450 1100 Liv.
482 1063 658 1102 Andron.
688 1063 865 1112 Aegisth.
894 1063 965 1113 frg.
994 1063 1044 1101 I.:

1084 1139 1195 1165 »nam
1228 1130 1271 1165 ut
1299 1127 1487 1176 Pergama

535 1193 715 1232 Accensa
742 1195 781 1231 et
807 1192 953 1243 praeda
979 1192 1049 1243 per
1076 1192 1286 1243 participes
1314 1193 1491 1242 aequiter

533 1257 681 1295 Partita
707 1260 797 1295 est«

271 1344 350 1383 iam
379 1346 469 1383 ante
496 1343 755 1383 Ribbeckium
784 1343 860 1393 (Tr.
890 1343 935 1383 R.
967 1356 1003 1395 p.
1035 1344 1103 1390 28)
1131 1342 1332 1383 Henricus
1359 1342 1590 1396 Duentzers)
1619 1344 1786 1384 contulit

404 1431 490 1469 Sen.
521 1431 596 1481 Ag.
626 1431 703 1469 421
735 1442 810 1480 sq.:

538 1495 617 1535 »Ut
646 1495 880 1546 Pergamum
910 1507 1025 1535 omne
1053 1494 1196 1534 Dorica
1225 1495 1368 1535 cecidit
1394 1495 1491 1540 face,

535 1561 661 1599 divisa
686 1561 829 1611 praeda
857 1564 952 1600 est.«

404 1648 605 1687 Vocabula
632 1642 892 1699 »accendere«,
924 1648 1104 1688 »cadere«
1142 1648 1239 1687 alios
1276 1660 1433 1699 quoque
1460 1651 1594 1700 poetas
1630 1649 1672 1687 in
1698 1648 1833 1688 Troiae

273 1715 486 1752 excisionis
514 1714 773 1764 descriptione
800 1714 985 1753 adhibere
1015 1714 1102 1753 luce
1131 1714 1286 1753 clarius.
1331 1714 1491 1761 (Attulit
1518 1714 1736 1753 Straussius
1765 1713 1833 1751 Or.

272 1782 363 1819 met.
404 1779 514 1829 XIV,
557 1780 636 1817 466
667 1791 735 1829 sq.‚
774 1779 890 1829 Verg.
930 1780 1014 1818 Aen
1056 1779 1127 1828 ΙΙΙ,
1171 1782 1190 1819 1
1232 1781 1326 1828 sq).
1382 1779 1460 1818 Hic
1502 1782 1632 1818 autem
1672 1780 1706 1817 si
1744 1791 1833 1818 cum

272 1845 441 1884 eundem
481 1844 669 1882 similium
710 1844 989 1883 vocabulorum
1029 1844 1203 1883 ordinem
1245 1847 1327 1882 tum
1358 1844 1520 1895 aequale
1557 1844 1659 1896 apud
1689 1847 1836 1882 utrum-

274 1922 351 1959 que
365 1910 523 1947 initium
538 1907 654 1958 (Liv.:
682 1922 794 1947 »nam
810 1912 853 1947 ut
866 1909 1076 1959 Pergama«
1097 1932 1149 1937 —-
1165 1909 1273 1948 Sen.:
1296 1912 1363 1947 »ut
1378 1910 1651 1959 Pergamum«)
1667 1909 1835 1959 respicis,

273 1986 351 2013 non
380 1975 458 2013 nisi
487 1974 637 2014 ratione
674 1974 841 2025 quadam
877 1974 1057 2014 imitandi
1092 1977 1237 2013 tantam
1273 1974 1567 2014 similitudinem
1603 1974 1691 2013 fieri
1724 1984 1836 2024 posse

274 2041 478 2079 concedes.

273 2161 384 2201 Idem
412 2161 518 2201 cadit
545 2162 608 2200 in:
667 2160 749 2201 Liv.
780 2162 956 2203 Andron.
993 2162 1169 2213 Aegisth.
1206 2161 1279 2213 frg.
1309 2161 1350 2200 11
1378 2165 1417 2201 et
1444 2161 1534 2200 Seu.
1564 2162 1638 2211 Ag.
1668 2162 1746 2198 449
1776 2173 1834 2210 sq.

403 2248 509 2288 Liv.:

538 2314 655 2354 »Tum
686 2316 816 2354 autem
845 2315 1039 2354 lasciuum
1067 2315 1186 2354 Nerei
1214 2316 1360 2361 simum
1388 2327 1509 2366 pecus

533 2380 694 2419 Ludens
722 2380 769 2418 ad
801 2383 960 2419 cantum
990 2380 1153 2419 classem
1183 2380 1382 2419 lustratur.
1391 2396 1407 2414 ‹<

404 2466 514 2506 Sem:

539 2535 658 2572 »tunc
685 2533 754 2583 qui
781 2534 935 2573 iacente
962 2534 1188 2583 reciprocus
1216 2533 1317 2571 ludit
1345 2533 1424 2571 salo

533 2598 808 2649 tumidumque
836 2598 964 2650 pando
995 2597 1163 2638 transilit
1191 2597 1306 2637 dorso
1336 2609 1440 2636 mare

350 2731 358 2735 ,
403 2695 430 2738 ¹)
453 2694 614 2727 Henricus
635 2694 810 2736 Duentzer,
852 2694 888 2728 L.
912 2694 993 2728 Livii
1026 2693 1200 2727 Andronici
1229 2694 1408 2736 fragmenta
1439 2692 1572 2726 collecta
1605 2695 1639 2726 et
1670 2693 1838 2734 illustrata,

272 2749 348 2783 diss.
371 2749 477 2784 Berol.
502 2750 597 2790 1835,
622 2760 654 2790 p.
676 2750 730 2783 26.
