2160 3067
363 219 458 245 num
500 207 659 246 omnino
699 205 869 245 eundem
909 217 1068 245 sensum
1104 205 1286 245 habuerit
1324 217 1443 257 quem
1472 205 1642 246 Senecae
1681 206 1802 256 loeus,
1849 207 1935 246 iure

363 271 642 310 dubitabimus.
1931 308 1933 310 .

496 337 706 377 Concludit
761 337 980 376 Straussius
1032 336 1214 388 Thyestis
1267 336 1636 388 contemplationem
1689 337 1752 376 his
1806 337 1936 378 verbis

365 406 466 454 (pag.
498 401 567 455 77)
601 418 634 441 ».
668 433 676 441 .
709 432 718 441 .
749 434 757 442 .
787 414 878 442 cum
908 403 983 441 iam
1015 414 1085 454 pro
1114 405 1221 442 certo
1250 402 1464 442 habeamus
1492 415 1569 442 non
1601 403 1797 442 imitatum
1816 402 1936 442 Sene-

363 481 447 508 cam
491 469 662 519 priorem
706 468 818 506 illum
862 468 1055 518 tragicum
1082 468 1316 517 Romanum,
1359 468 1687 507 verisimillimum
1728 467 1841 507 nobis
1876 471 1936 508 est

363 546 453 573 eum
495 537 675 573 secutum
711 544 797 572 esse
830 533 999 572 eundem
1028 535 1228 572 auctorem
1261 534 1379 583 que'm
1411 534 1591 583 Accium,
1624 533 1667 573 id
1699 536 1758 573 est
1789 533 1935 584 Sopho-

363 599 461 638 clem
466 613 663 638 ......
725 598 802 637 Sed
842 610 893 637 ne
932 596 1161 650 Euripidem
1203 598 1363 648 quidem
1403 610 1533 650 neque
1573 599 1738 637 Varium
1772 601 1886 649 putat
1912 611 1934 637 a

362 664 513 703 Seneca
544 676 630 703 esse
671 664 880 718 neglectos.
938 663 1000 702 Ad
1041 664 1138 703 haec
1178 663 1355 703 conferas
1394 662 1600 725 Ribbeckii
1641 663 1759 703 verba
1796 664 1858 705 Tr.
1888 664 1934 703 R.

361 742 449 782 pag.
480 730 581 769 456:
947 734 953 742 “
1380 738 1383 741 ’

493 795 596 844 „Das
628 795 873 845 griechische
898 795 1074 845 Original
1102 796 1202 843 (scil.
1232 796 1302 834 des
1329 795 1537 845 Thyestes)
1561 796 1664 834 auch
1693 790 1783 833 nur
1798 796 1838 833 in
1867 795 1933 834 be·-

363 860 595 900 scheidener
623 860 874 911 Vermutung
902 873 949 899 zu
978 850 1217 900 bezeichnen
1238 861 1392 900 mochte
1420 861 1484 900 ich
1514 861 1622 900 nicht
1641 872 1787 911 wagen.
1829 860 1929 899 V'om

361 927 508 966 Atreus
536 926 605 964 des
633 925 849 976 Sophokles
889 926 975 964 sind
1010 927 1106 964 zwei
1141 926 1332 965 Trimeter
1374 926 1454 964 und
1496 927 1560 965 ein
1598 926 1713 964 Wort
1746 916 1931 975 ethelmo,

362 992 425 1031 die
455 991 583 1032 nichts
613 991 880 1031 entscheiden.
939 991 1019 1031 Der
1046 991 1277 1041 allgemeine
1306 982 1445 1042 Inhalt,
1475 992 1549 1031 wie
1569 1004 1612 1031 er
1629 991 1862 1032 vermutlich
1892 992 1932 1030 in

362 1057 450 1095 dem
497 1057 595 1095 oben
653 1057 908 1106 mitgeteilten
944 1057 1126 1095 Scholion
1171 1070 1221 1095 zu
1256 1057 1478 1107 Euripides'
1513 1057 1672 1097 Orestes
1708 1057 1932 1107 angegeben

362 1123 422 1170 ist,
452 1122 551 1161 wird
572 1122 696 1161 durch
718 1122 782 1161 die
801 1121 1074 1161 Bruchstiicke
1093 1122 1162 1161 des
1184 1123 1332 1161 Accius
1352 1122 1462 1161 nicht
1487 1122 1698 1172 durchweg
1717 1122 1932 1173 beslatigtf‘

491 1232 625 1282 Atque
654 1231 750 1269 haec
787 1231 947 1281 quidem
988 1231 1116 1280 habui,
1158 1243 1258 1281 quae
1295 1230 1524 1270 dissererem
1562 1231 1611 1269 de
1647 1231 1798 1270 ratione
1834 1232 1934 1269 inter

361 1297 551 1335 Senecam
580 1299 619 1334 et
648 1296 830 1347 antiquas
858 1296 1011 1334 fabulas
1040 1296 1237 1335 Romanas
1271 1295 1550 1335 intercedente.
1608 1296 1717 1343 Quae
1745 1308 1808 1335 res
1838 1296 1932 1334 mihi

361 1362 454 1400 satis
483 1373 625 1413 magna
654 1372 741 1400 esse
770 1361 986 1411 videbatur,
1025 1373 1143 1412 quam
1174 1361 1395 1400 accuratius
1430 1372 1679 1412 exponerem.
1736 1361 1788 1400 Et
1826 1364 1932 1400 recte

360 1427 520 1478 quidem
562 1438 625 1467 me
658 1427 799 1465 fecisse
839 1426 1044 1476 concedes,
1098 1427 1130 1465 si
1177 1426 1412 1466 Schanzium
1457 1438 1615 1478 quoque
1651 1427 1747 1465 satis
1789 1427 1931 1466 habere

358 1493 548 1543 cogitabis
591 1492 777 1533 Sti-aussii
819 1492 1133 1531 dissertationem
1171 1493 1212 1531 in
1249 1492 1322 1532 hac
1355 1503 1399 1532 re
1434 1491 1594 1540 afferre3
1639 1494 1812 1543 itemque
1841 1492 1930 1538 Leo,

359 1559 467 1597 illius
495 1559 615 1597 nixus
644 1559 886 1609 argumentis
919 1571 968 1597 ne
1010 1558 1150 1608 legisse
1187 1558 1347 1608 quidem
1382 1558 1572 1598 Senecam
1601 1561 1753 1598 veteres
1792 1558 1932 1597 Roma-

360 1636 499 1663 norum
530 1625 698 1675 tragicos
727 1627 862 1676 poetas
877 1627 1009 1675 aperte
1029 1627 1164 1675 postea
1182 1623 1390 1675 profitetur
1409 1624 1449 1663 iu
1470 1623 1579 1674 libro,
1609 1624 1677 1675 qui
1701 1623 1932 1664 inscribitur

359 1689 653 1739 „Plautinische
695 1689 1001 1739 Forschungen“
1047 1689 1171 1728 Berol.
1218 1691 1317 1727 1895
1355 1701 1443 1740 pag.
1474 1691 1526 1728 24
1555 1689 1618 1738 (cf.
1649 1701 1767 1740 supra
1794 1701 1831 1740 p.
1865 1687 1932 1739 14)

357 1759 396 1794 et
418 1755 630 1794 novissime
659 1756 700 1793 in
723 1754 822 1793 libro
852 1754 947 1803 „Die
975 1755 1169 1794 romische
1195 1754 1393 1794 Literatur
1420 1754 1489 1794 des
1509 1755 1747 1795 Altertums“
1770 1754 1932 1803 (Kultur

359 1821 430 1859 der
456 1821 690 1871 Gegenwart
710 1819 793 1860 Teil
823 1820 839 1859 Ι
872 1820 962 1860 Abt.
985 1820 1098 1870 V111)
1126 1821 1258 1868 1905‚1
1279 1832 1316 1870 p.
1342 1821 1433 1861 356.
1452 1820 1500 1859 cf.
1524 1832 1680 1871 quoque
1700 1820 1745 1860 Ε.
1762 1820 1930 1867 Norden,

359 1886 491 1925 antike
521 1885 767 1937 Kunstprosa
794 1885 825 1934 Ι,
855 1886 947 1925 308.
1169 1926 1171 1928 ,

489 1951 748 1990 Ribbeckium
778 1954 909 1989 autem
940 1963 990 1990 ne
1018 1955 1155 2001 postea
1190 1950 1347 2002 quidem
1378 1951 1606 2002 intellegere
1639 1953 1823 2002 potuisse,
1857 1964 1929 1990 cur

356 2028 435 2055 non
465 2017 572 2067 ipsas
600 2019 777 2056 veterum
801 2015 1064 2055 Romanorum
1095 2016 1313 2067 tragoedias
1342 2016 1527 2056 Senecam
1567 2016 1710 2068 legisse
1739 2017 1925 2056 conceda-

356 2093 455 2131 muS,
486 2082 590 2120 haud
618 2083 699 2120 scio
727 2094 775 2121 an
806 2081 897 2121 inde
926 2081 1086 2130 eluceat,
1115 2081 1218 2132 quod
1249 2082 1347 2121 haec
1375 2082 1549 2134 scripsit:

487 2147 612 2198 „Dass
640 2147 769 2187 dieser
796 2147 918 2187 selbst
945 2145 1047 2200 (Liv.
1083 2145 1363 2200 Andronicus),
1399 2149 1679 2199 meinetwegon
1714 2144 1926 2188 wiederum

355 2215 393 2251 in
424 2225 592 2252 neuerer
628 2212 788 2256 Gestalt.
824 2213 911 2253 dem
948 2216 1128 2264 spateren
1167 2212 1402 2264 Nachfolger
1436 2213 1547 2253 nicht
1582 2213 1808 2253 unbekannt
1836 2226 1926 2264 war,

357 2279 461 2330 zeigt
489 2278 554 2317 die
583 2272 840 2318 Ahnlichkeit
867 2279 1053 2329 gewisser
1080 2278 1231 2317 Szenen
1260 2277 1341 2317 und
1371 2278 1435 2317 die
1466 2270 1855 2330 Ubereinstimmung
1873 2280 1925 2317 im

358 2344 553 2383 Wortlaut
583 2345 654 2382 mit
682 2344 886 2383 einzelnen
916 2334 1252 2384 Bruchstiicken.“
1307 2342 1465 2396 (Gesch.
1502 2344 1573 2384 der
1600 2347 1694 2384 rom.
1726 2344 1928 2395 Dichtung

356 2410 427 2459 III,
458 2411 541 2462 64).
597 2409 822 2450 Novissime
850 2409 1084 2449 Liedloffius
1112 2399 1282 2461 quoque,
1321 2411 1416 2461 quin
1453 2422 1503 2449 ex
1532 2410 1723 2450 archaicis
1753 2411 1927 2450 hauserit

354 2475 503 2514 Seneca
530 2476 657 2526 poetis
686 2476 847 2514 minime
876 2474 1029 2514 dubitat
1056 2476 1121 2527 (cf.
1152 2475 1174 2513 l.
1205 2488 1238 2516 c.
1268 2487 1352 2526 pag.
1384 2479 1428 2523 83
1461 2477 1502 2523 93
1539 2478 1604 2524 113
1638 2477 1685 2514 13
1716 2478 1791 2526 sq.)

486 2661 575 2700 Non
604 2662 727 2718 igitur
753 2662 802 2700 ad
831 2673 955 2699 unum
991 2662 1192 2713 exemplar
1225 2662 1445 2712 tragoedias
1480 2662 1667 2702 Senecam
1705 2662 1926 2701 condidisse

356 2727 526 2766 vidimus
555 2739 684 2777 neque
712 2728 805 2773 scio,
834 2740 883 2766 an
920 2727 995 2766 hoc
1032 2730 1070 2766 ct
1103 2727 1202 2767 illud
1237 2739 1288 2767 ex
1325 2727 1526 2768 veteribus
1555 2728 1820 2768 Romanorum
1850 2731 1925 2767 tra-
