2160 3067
275 266 526 316 vituperasse.
583 261 661 303 Sed
710 264 822 301 erant
867 273 937 302 eae
990 261 1096 300 illius
1142 272 1206 300 res
1253 263 1370 310 atque
1410 259 1602 309 condicio,
1646 264 1689 296 ut
1721 258 1844 297 libere

274 332 440 369 virtutes
467 341 625 379 quoque
653 331 896 382 agnosceret.
955 327 1069 374 Quod
1098 327 1251 366 etiamsi
1279 339 1359 365 non
1387 326 1558 375 fecisset,
1585 325 1843 364 nihilominus

273 406 349 434 non
368 394 506 446 potuit
533 405 624 433 eum
652 392 768 444 plane
795 392 1012 444 neglegere.
1029 394 1057 443 1)
1111 391 1211 431 Nam
1242 404 1264 430 a
1293 395 1434 430 natura
1472 390 1760 442 quodammodo
1788 391 1843 429 ita
1872 403 1878 407 ·

272 461 472 500 constituti
489 471 636 507 sumus,
652 467 814 509 ut,q11ae
828 459 941 498 nobis
952 459 1119 497 maiores
1133 458 1386 508 reliquerunt,
1395 458 1476 496 siut
1486 457 1579 497 licet
1591 457 1724 496 nouab
1734 458 1841 495 omni

272 529 380 577 parte
408 525 581 576 perfecta
596 529 716 576 atque
734 524 919 574 absoluta,
948 536 995 563 ea
1014 523 1248 574 recipiamus
1268 526 1308 562 et
1325 522 1414 574 plus
1434 523 1565 561 minus
1593 522 1842 574 imitemur.²)

274 591 376 638 Quid
405 590 509 640 quod
540 590 828 641 Aristophanes,
871 589 1071 641 Euripidis
1099 589 1165 629 illc
1193 593 1437 640 contemptor
1463 592 1581 638 atque
1610 589 1757 637 irrisor,
1786 588 1841 626 ita

271 668 352 695 non
381 656 508 707 potuit
535 656 635 694 nihil
663 668 715 697 ex
743 667 790 695 eo
818 666 984 705 sumere,
1017 658 1063 694 ut
1091 654 1272 693 Cratinus
1301 658 1458 705 propter
1485 655 1611 705 ipsius
1639 653 1841 705 Euripidis

271 722 526 761 imitationem
555 734 646 760 eum
669 720 941 769 exagitaret?⁸)

403 824 464 862 Ita
486 812 675 864 Senecam
693 835 851 873 quoque
868 824 912 861 in
933 835 1049 874 prosa
1067 824 1251 873 oratione,
1282 824 1353 873 vel,
1382 827 1426 861 ut
1447 824 1670 862 accuratius
1698 824 1841 871 dicam,

272 891 311 928 in
343 889 411 940 eis,
451 900 552 940 quae
590 880 638 928 ad
677 887 962 939 philosophiam
1001 888 1206 939 pertinent,
1246 889 1401 939 scriptis
1442 901 1519 927 non
1548 898 1600 928 ex
1639 888 1839 927 veteribus

274 955 451 994 hausisse
491 954 607 1010 facile
639 953 835 994 Straussio
876 954 1144 993 assentiemur.
1217 953 1324 992 Nihil
1363 954 1468 992 enim
1508 955 1550 992 in
1591 954 1837 1006 philosophia

272 1011 424 1064 veteres
447 1011 616 1062 valuisse
637 1009 845 1072 Romanos,
882 1020 1015 1059 omnia
1048 1019 1216 1059 Graecos
1256 1020 1432 1059 homines
1460 1021 1608 1060 nemini
1636 1033 1714 1059 non
1745 1033 1837 1060 con—

269 1091 356 1126 stat.
413 1074 647 1136 Tragoedias
683 1085 816 1125 autem
843 1086 877 1124 si
906 1086 996 1135 quis
1024 1085 1191 1124 condere
1227 1085 1388 1135 volebat,
1417 1087 1635 1125 necessario
1666 1088 1834 1136 quodam

269 1153 385 1192 modo
403 1152 453 1192 ad
473 1155 623 1192 veteres
641 1151 862 1191 fabularum
889 1157 1098 1202 scriptores
1116 1151 1244 1190 redire
1268 1150 1443 1193 debebat.
1483 1150 1584 1190 Nam
1604 1154 1649 1190 ut
1667 1152 1836 1202 Augusti

270 1218 429 1268 quidam
460 1208 549 1256 aevi
566 1221 702 1268 poetae
721 1218 953 1255 reverterint
972 1216 1021 1254 ad
1040 1216 1327 1267 tragoediarum
1348 1218 1677 1266 compositionem,
1706 1220 1835 1255 tamen

270 1290 444 1334 tempora
472 1296 551 1322 non
579 1286 824 1322 reverterunt
863 1282 1039 1321 secunda
1067 1282 1160 1321 huic
1198 1283 1371 1332 poeticae
1399 1283 1493 1320 artis
1521 1283 1667 1332 generi,
1707 1295 1835 1332 neque

271 1361 363 1400 prae
400 1349 544 1387 liberae
583 1348 821 1399 reipublicae
861 1347 1073 1398 tragoediis
1110 1347 1189 1386 illis
1226 1347 1505 1398 posterioribus
1539 1360 1715 1398 magnam
1747 1348 1839 1386 licet

271 1415 350 1453 vim
380 1414 603 1454 attribuere.

405 1507 483 1545 »At
514 1506 592 1544 fuit
619 1506 667 1544 ab
697 1505 878 1544 omnibus
906 1505 1083 1556 partibus
1110 1504 1257 1544 novum
1285 1506 1506 1544 fabularum
1533 1518 1661 1557 genus
1689 1510 1836 1557 tragoe-

269 1572 334 1611 dia
368 1571 510 1622 Ovidii,
540 1568 659 1622 Varii,
688 1571 870 1621 Senecae,
900 1571 948 1610 ad
977 1584 1100 1610 novas
1128 1572 1222 1610 artis
1249 1571 1467 1611 rhetoricae
1496 1572 1601 1623 leges
1630 1572 1835 1621 elaborata,

270 1638 467 1687 tragoedia
495 1637 714 1675 rhetorica«.
770 1636 841 1674 Est
868 1648 961 1675 vero
996 1637 1072 1675 hoc
1098 1636 1208 1684 illud,
1237 1648 1316 1686 quo
1344 1648 1480 1675 omnes
1512 1637 1596 1675 fere
1624 1638 1664 1674 in
1695 1638 1768 1675 hac
1795 1649 1837 1675 re

270 1703 421 1751 versati,
461 1714 552 1741 cum
591 1702 712 1740 nimia
751 1701 901 1740 fiducia
939 1701 1182 1752 accepissent
1209 1700 1353 1740 Leonis
1392 1702 1721 1752 significationem
1750 1714 1834 1753 per-

250 1755 380 1807 ³vcrse
410 1767 657 1816 intellectam,
694 1767 743 1805 ad
771 1778 921 1806 errores
965 1767 1282 1817 perducerentur.
1338 1767 1518 1806 Liberius
1554 1767 1736 1817 idemque
1771 1780 1835 1807 ve·

266 1833 349 1872 rius
377 1833 569 1872 iudicium
599 1832 690 1871 Pais
709 1832 850 1872 fecisse
878 1832 1042 1882 videtur,
1071 1844 1163 1871 cum
1193 1832 1219 1875 1.
1241 1845 1272 1872 c.
1292 1845 1330 1884 p.
1351 1832 1443 1883 XII,
1464 1832 1573 1888 XIII*
1596 1832 1693 1871 dicit
1721 1833 1832 1872 haec:

273 1898 371 1937 »Ora
402 1899 495 1937 tutti
523 1899 651 1948 questi
691 1899 871 1937 caratteri
901 1898 973 1936 che
1012 1897 1181 1937 secondo
1209 1898 1239 1937 il
1268 1897 1346 1937 Leo
1376 1899 1410 1937 si
1438 1903 1601 1937 trovano
1629 1898 1731 1937 nelle
1760 1902 1835 1937 tra—

268 1963 382 2013 gedie
429 1963 468 2001 di
511 1963 661 2003 Seneca
701 1975 723 2002 e
766 1963 838 2001 che
879 1962 1085 2002 sarebbero
1131 1963 1298 2002 derivati
1343 1963 1408 2002 dai
1453 1964 1569 2014 primi
1620 1965 1745 2002 autori
1795 1964 1835 2002 di

269 2027 442 2078 tragedie
470 2028 674 2077 retoriche,
704 2027 820 2066 credo
849 2027 922 2066 che
950 2028 1060 2066 sieno
1089 2038 1241 2079 sempre
1269 2029 1371 2078 stati,
1399 2028 1469 2079 piu
1498 2040 1521 2066 o
1544 2039 1669 2076 meno,
1689 2029 1834 2078 proprii

269 2093 307 2130 di
337 2096 436 2131 tutte
464 2093 500 2131 le
529 2093 701 2142 tragedie
729 2092 849 2131 latine
869 2092 908 2130 di
939 2093 1031 2142 ogni
1050 2105 1180 2142 epoca,
1209 2095 1391 2132 eccezion
1410 2094 1508 2132 satta
1526 2106 1548 2132 e
1567 2094 1629 2132 del
1661 2094 1829 2132 »Tieste«

266 2157 306 2196 di
335 2157 456 2197 Vario
485 2170 507 2197 o
537 2157 581 2196 di·
607 2156 774 2209 qualche
802 2156 899 2196 ultra
924 2156 1041 2196 forse.
1098 2156 1259 2198 Benche
1287 2158 1381 2210 pero
1410 2158 1425 2197 i
1448 2157 1612 2198 drammi
1639 2157 1702 2198 dei
1731 2158 1834 2210 poeti

398 2292 420 2334 ¹)
448 2292 557 2325 Victor
578 2291 753 2333 Zawadzki,
776 2293 933 2334 quatenus
955 2292 990 2324 in
1012 2292 1118 2325 satiris
1140 2293 1292 2327 Horatius
1315 2293 1462 2326 videatur
1483 2293 1625 2327 imitatus
1646 2303 1717 2326 esse
1740 2293 1834 2326 Luci-

265 2346 355 2383 lium.
378 2347 452 2381 diss.
476 2347 569 2380 Hane
594 2348 688 2381 1880.

396 2410 423 2449 2)
446 2411 496 2444 cf.
512 2411 587 2444 Seu.
604 2420 654 2451 ep.
670 2411 724 2451 84,
749 2411 807 2443 10:
854 2421 947 2443 »cum
977 2421 1090 2443 omues
1120 2412 1187 2444 vias
1209 2412 1286 2444 ordo
1317 2413 1500 2445 canentium
1529 2412 1662 2453 inplevit
1683 2414 1716 2443 et
1738 2422 1837 2443 cavea

265 2464 467 2498 aenatoribus
490 2465 595 2498 cincta
621 2466 670 2498 est
693 2467 726 2498 et
748 2476 788 2499 ex
817 2465 939 2508 pulpito
961 2476 1057 2499 omne
1080 2466 1228 2500 tibiarum
1251 2477 1353 2509 genus
1381 2477 1633 2510 organorumque
1656 2466 1834 2507 consonuit,

266 2519 306 2550 fit
329 2522 505 2552 concentus
528 2530 568 2551 ex
591 2521 744 2553 dissonis:
774 2520 868 2552 talem
900 2521 1042 2553 animum
1071 2525 1216 2554 nostrum
1248 2531 1319 2554 esse
1342 2522 1430 2555 volo:
1454 2522 1572 2554 multae
1603 2522 1635 2553 in
1658 2521 1711 2553 illo
1739 2524 1834 2561 artes,

266 2572 365 2606 multa
387 2577 557 2616 praecepta
582 2574 655 2616 sint,
690 2574 907 2608 multarum
941 2576 1128 2608 aetatum
1163 2575 1322 2617 exempla,
1354 2576 1466 2609 sedin
1491 2585 1590 2608 unum
1621 2575 1834 2618 conspirata«.

395 2651 422 2688 ¹)
445 2650 595 2684 Cratinus
617 2651 679 2692 frg.
702 2651 766 2683 307
790 2652 895 2693 Kock3
920 2652 1086 2684 Meinecke
1109 2652 1152 2693 11,
1175 2652 1240 2686 225
1264 2653 1325 2694 frg.
1350 2653 1428 2686 155:

525 2717 591 2758 „tls-
612 2715 648 2749 δὲ
666 2717 723 2761 σύς
745 2718 876 2760 κομψός
897 2730 941 2754 τις
962 2718 1064 2760 ἔροιτο
1083 2718 1211 2761 θεατής·

523 2772 778 2814 ὗπολεπτολόγος,
806 2773 1066 2814 γνωμοδιώκτης,
1094 2774 1481 2814 εὖριπιόαριστοφανίζων.
