<?xml version="1.0" encoding="UTF-8"?>
<!DOCTYPE html PUBLIC "-//W3C//DTD XHTML 1.0 Transitional//EN"
    "http://www.w3.org/TR/xhtml1/DTD/xhtml1-transitional.dtd">
<html xmlns="http://www.w3.org/1999/xhtml" xml:lang="en" lang="en">
 <head>
  <title>
</title>
<meta http-equiv="Content-Type" content="text/html;charset=utf-8" />
  <meta name='ocr-system' content='tesseract 3.04.00' />
  <meta name='ocr-capabilities' content='ocr_page ocr_carea ocr_par ocr_line ocrx_word'/>
</head>
<body>
  <div class='ocr_page' id='page_1' title='image "4737921_0012.png"; bbox 0 0 2160 3067; ppageno 0'>
   <div class='ocr_carea' id='block_1_1' title="bbox 1034 121 1275 158">
    <p class='ocr_par' dir='ltr' id='par_1_1' title="bbox 1034 121 1275 158">
     <span class='ocr_line' id='line_1_1' title="bbox 1034 121 1275 158; baseline 0.004 -10"><span class='ocrx_word' id='word_1_1' title='bbox 1034 121 1275 158; x_wconf 69' lang='grc'><em>--6,-</em></span> 
     </span>
    </p>
   </div>
   <div class='ocr_carea' id='block_1_2' title="bbox 374 226 1952 477">
    <p class='ocr_par' dir='ltr' id='par_1_2' title="bbox 374 226 1952 477">
     <span class='ocr_line' id='line_1_2' title="bbox 504 226 1952 280; baseline -0.002 -12"><span class='ocrx_word' id='word_1_2' title='bbox 504 230 561 268; x_wconf 80' lang='lat' dir='ltr'><strong>Ut</strong></span> <span class='ocrx_word' id='word_1_3' title='bbox 588 229 638 268; x_wconf 84' lang='lat' dir='ltr'><strong>ad</strong></span> <span class='ocrx_word' id='word_1_4' title='bbox 657 229 692 266; x_wconf 91' lang='lat' dir='ltr'><strong>V</strong></span> <span class='ocrx_word' id='word_1_5' title='bbox 706 228 868 278; x_wconf 87' lang='lat' dir='ltr'><strong>ergilii</strong></span> <span class='ocrx_word' id='word_1_6' title='bbox 896 229 1153 267; x_wconf 80' lang='lat' dir='ltr'><strong>imitationem</strong></span> <span class='ocrx_word' id='word_1_7' title='bbox 1181 226 1472 280; x_wconf 55' lang='lat' dir='ltr'><strong>transeamusst)</strong></span> <span class='ocrx_word' id='word_1_8' title='bbox 1490 228 1677 267; x_wconf 73' lang='lat' dir='ltr'><strong>Senecam</strong></span> <span class='ocrx_word' id='word_1_9' title='bbox 1698 228 1742 265; x_wconf 86' lang='lat' dir='ltr'><strong>in</strong></span> <span class='ocrx_word' id='word_1_10' title='bbox 1758 226 1952 266; x_wconf 76' lang='lat' dir='ltr'><strong>Troadum</strong></span> 
     </span>
     <span class='ocr_line' id='line_1_3' title="bbox 375 291 1952 344; baseline -0.003 -10"><span class='ocrx_word' id='word_1_11' title='bbox 375 295 557 334; x_wconf 87' lang='lat' dir='ltr'><strong>versibus</strong></span> <span class='ocrx_word' id='word_1_12' title='bbox 585 295 637 332; x_wconf 89' lang='lat'><strong>44</strong></span> <span class='ocrx_word' id='word_1_13' title='bbox 658 305 728 344; x_wconf 61' lang='lat' dir='ltr'><strong>sq„</strong></span> <span class='ocrx_word' id='word_1_14' title='bbox 758 294 851 333; x_wconf 89' lang='lat' dir='ltr'><strong>licet</strong></span> <span class='ocrx_word' id='word_1_15' title='bbox 868 306 947 332; x_wconf 86' lang='lat' dir='ltr'><strong>non</strong></span> <span class='ocrx_word' id='word_1_16' title='bbox 977 293 1218 342; x_wconf 76' lang='lat' dir='ltr'>ignoraverit</span> <span class='ocrx_word' id='word_1_17' title='bbox 1239 292 1331 334; x_wconf 80' lang='lat' dir='ltr'><strong>Eur.</strong></span> <span class='ocrx_word' id='word_1_18' title='bbox 1350 292 1484 332; x_wconf 87' lang='lat' dir='ltr'><strong>Troad.</strong></span> <span class='ocrx_word' id='word_1_19' title='bbox 1504 305 1563 331; x_wconf 84' lang='lat' dir='ltr'><strong>vs.</strong></span> <span class='ocrx_word' id='word_1_20' title='bbox 1586 292 1634 330; x_wconf 89' lang='grc'><strong>16</strong></span> <span class='ocrx_word' id='word_1_21' title='bbox 1658 291 1716 342; x_wconf 77' lang='lat' dir='ltr'><strong>s&#39;q.</strong></span> <span class='ocrx_word' id='word_1_22' title='bbox 1736 304 1760 330; x_wconf 86' lang='lat' dir='ltr'><strong>a</strong></span> <span class='ocrx_word' id='word_1_23' title='bbox 1777 291 1952 330; x_wconf 86' lang='lat' dir='ltr'><strong>Braunio</strong></span> 
     </span>
     <span class='ocr_line' id='line_1_4' title="bbox 374 357 1948 410; baseline -0.003 -11"><span class='ocrx_word' id='word_1_24' title='bbox 374 361 520 410; x_wconf 87' lang='lat' dir='ltr'><strong>allatos,</strong></span> <span class='ocrx_word' id='word_1_25' title='bbox 563 363 746 399; x_wconf 91' lang='lat' dir='ltr'><strong>secutum</strong></span> <span class='ocrx_word' id='word_1_26' title='bbox 788 371 875 399; x_wconf 89' lang='lat' dir='ltr'><strong>esse</strong></span> <span class='ocrx_word' id='word_1_27' title='bbox 905 360 1002 398; x_wconf 89' lang='lat' dir='ltr'><strong>Aen.</strong></span> <span class='ocrx_word' id='word_1_28' title='bbox 1035 359 1082 407; x_wconf 91' lang='lat'><strong>11,</strong></span> <span class='ocrx_word' id='word_1_29' title='bbox 1120 360 1198 397; x_wconf 90' lang='grc'><strong>550</strong></span> <span class='ocrx_word' id='word_1_30' title='bbox 1228 370 1286 408; x_wconf 76' lang='lat' dir='ltr'><strong>sq.</strong></span> <span class='ocrx_word' id='word_1_31' title='bbox 1302 361 1332 405; x_wconf 82' lang='lat'><strong>²)</strong></span> <span class='ocrx_word' id='word_1_32' title='bbox 1361 370 1423 398; x_wconf 71' lang='lat' dir='ltr'><strong>ex</strong></span> <span class='ocrx_word' id='word_1_33' title='bbox 1450 358 1626 397; x_wconf 79' lang='lat' dir='ltr'><strong>locorum</strong></span> <span class='ocrx_word' id='word_1_34' title='bbox 1658 357 1948 408; x_wconf 79' lang='lat' dir='ltr'><strong>comparatione</strong></span> 
     </span>
     <span class='ocr_line' id='line_1_5' title="bbox 375 425 587 477; baseline 0 -13"><span class='ocrx_word' id='word_1_35' title='bbox 375 425 587 477; x_wconf 81' lang='lat' dir='ltr'><strong>apparebit.</strong></span> 
     </span>
    </p>
   </div>
   <div class='ocr_carea' id='block_1_3' title="bbox 506 517 959 569">
    <p class='ocr_par' dir='ltr' id='par_1_3' title="bbox 506 517 959 569">
     <span class='ocr_line' id='line_1_6' title="bbox 506 517 959 569; baseline -0.004 -12"><span class='ocrx_word' id='word_1_36' title='bbox 506 518 596 558; x_wconf 85' lang='lat' dir='ltr'><strong>Seu.</strong></span> <span class='ocrx_word' id='word_1_37' title='bbox 625 517 764 557; x_wconf 83' lang='lat' dir='ltr'><strong>Troad.</strong></span> <span class='ocrx_word' id='word_1_38' title='bbox 795 519 846 557; x_wconf 84' lang='lat'><strong>44</strong></span> <span class='ocrx_word' id='word_1_39' title='bbox 876 529 959 569; x_wconf 89' lang='lat' dir='ltr'><strong>sq.:</strong></span> 
     </span>
    </p>
   </div>
   <div class='ocr_carea' id='block_1_4' title="bbox 637 593 1666 895">
    <p class='ocr_par' dir='ltr' id='par_1_4' title="bbox 645 593 1578 645">
     <span class='ocr_line' id='line_1_7' title="bbox 645 593 1578 645; baseline 0.001 -14"><span class='ocrx_word' id='word_1_40' title='bbox 645 595 763 634; x_wconf 74' lang='lat' dir='ltr'><strong>»Vidi</strong></span> <span class='ocrx_word' id='word_1_41' title='bbox 807 594 1070 635; x_wconf 85' lang='lat' dir='ltr'><strong>execrandum</strong></span> <span class='ocrx_word' id='word_1_42' title='bbox 1113 594 1245 645; x_wconf 86' lang='lat' dir='ltr'><strong>regiae</strong></span> <span class='ocrx_word' id='word_1_43' title='bbox 1293 594 1425 634; x_wconf 86' lang='lat' dir='ltr'><strong>caedis</strong></span> <span class='ocrx_word' id='word_1_44' title='bbox 1467 593 1578 633; x_wconf 79' lang='lat' dir='ltr'><strong>nefas</strong></span> 
     </span>
    </p>

    <p class='ocr_par' dir='ltr' id='par_1_5' title="bbox 637 660 1666 839">
     <span class='ocr_line' id='line_1_8' title="bbox 637 660 1666 710; baseline -0.002 -11"><span class='ocrx_word' id='word_1_45' title='bbox 637 661 657 699; x_wconf 95' lang='grc' dir='ltr'>Ι</span> <span class='ocrx_word' id='word_1_46' title='bbox 666 673 691 710; x_wconf 93' lang='lat' dir='ltr'><strong>p</strong></span> <span class='ocrx_word' id='word_1_47' title='bbox 701 672 720 699; x_wconf 88' lang='lat' dir='ltr'><strong>s</strong></span> <span class='ocrx_word' id='word_1_48' title='bbox 729 673 752 698; x_wconf 85' lang='lat' dir='ltr'><strong>a</strong></span> <span class='ocrx_word' id='word_1_49' title='bbox 761 673 780 698; x_wconf 93' lang='lat' dir='ltr'><strong>s</strong></span> <span class='ocrx_word' id='word_1_50' title='bbox 791 673 816 710; x_wconf 90' lang='lat' dir='ltr'>q</span> <span class='ocrx_word' id='word_1_51' title='bbox 827 673 853 698; x_wconf 93' lang='lat' dir='ltr'><strong>u</strong></span> <span class='ocrx_word' id='word_1_52' title='bbox 863 672 885 698; x_wconf 91' lang='lat' dir='ltr'><strong>e</strong></span> <span class='ocrx_word' id='word_1_53' title='bbox 913 660 968 698; x_wconf 90' lang='lat' dir='ltr'><strong>ad</strong></span> <span class='ocrx_word' id='word_1_54' title='bbox 1003 673 1023 697; x_wconf 88' lang='lat' dir='ltr'><strong>a</strong></span> <span class='ocrx_word' id='word_1_55' title='bbox 1033 663 1109 698; x_wconf 86' lang='lat' dir='ltr'><strong>r&#39;as</strong></span> <span class='ocrx_word' id='word_1_56' title='bbox 1138 660 1264 698; x_wconf 89' lang='lat' dir='ltr'><strong>maius</strong></span> <span class='ocrx_word' id='word_1_57' title='bbox 1294 660 1509 698; x_wconf 79' lang='lat' dir='ltr'><strong>admissum</strong></span> <span class='ocrx_word' id='word_1_58' title='bbox 1537 660 1666 698; x_wconf 88' lang='lat' dir='ltr'><strong>scelus</strong></span> 
     </span>
     <span class='ocr_line' id='line_1_9' title="bbox 638 724 1622 776; baseline -0.002 -12"><span class='ocrx_word' id='word_1_59' title='bbox 638 725 811 776; x_wconf 75' lang='lat' dir='ltr'><strong>†Aeacis</strong></span> <span class='ocrx_word' id='word_1_60' title='bbox 840 724 969 774; x_wconf 84' lang='lat' dir='ltr'><strong>armis,</strong></span> <span class='ocrx_word' id='word_1_61' title='bbox 999 735 1090 764; x_wconf 89' lang='lat' dir='ltr'><strong>cum</strong></span> <span class='ocrx_word' id='word_1_62' title='bbox 1118 724 1242 774; x_wconf 78' lang='lat' dir='ltr'><strong>ferox,</strong></span> <span class='ocrx_word' id='word_1_63' title='bbox 1271 735 1450 764; x_wconf 87' lang='lat' dir='ltr'><strong>scaeva</strong></span> <span class='ocrx_word' id='word_1_64' title='bbox 1473 735 1550 763; x_wconf 63' lang='lat' dir='ltr'><strong>&gt;ma</strong></span> <span class='ocrx_word' id='word_1_65' title='bbox 1560 736 1586 762; x_wconf 92' lang='lat' dir='ltr'><strong>n</strong></span> <span class='ocrx_word' id='word_1_66' title='bbox 1597 735 1622 762; x_wconf 90' lang='lat' dir='ltr'><strong>u</strong></span> 
     </span>
     <span class='ocr_line' id='line_1_10' title="bbox 639 790 1495 839; baseline -0.002 -10"><span class='ocrx_word' id='word_1_67' title='bbox 639 802 689 829; x_wconf 89' lang='lat' dir='ltr'><strong>co</strong></span> <span class='ocrx_word' id='word_1_68' title='bbox 701 803 738 828; x_wconf 90' lang='lat' dir='ltr'><strong>m</strong></span> <span class='ocrx_word' id='word_1_69' title='bbox 749 803 773 829; x_wconf 87' lang='lat' dir='ltr'><strong>a</strong></span> <span class='ocrx_word' id='word_1_70' title='bbox 801 790 1009 829; x_wconf 79' lang='lat' dir='ltr'><strong>reflectens</strong></span> <span class='ocrx_word' id='word_1_71' title='bbox 1038 790 1190 839; x_wconf 87' lang='lat' dir='ltr'><strong>regium</strong></span> <span class='ocrx_word' id='word_1_72' title='bbox 1217 792 1266 827; x_wconf 53' lang='lat' dir='ltr'><strong>&gt;to</strong></span> <span class='ocrx_word' id='word_1_73' title='bbox 1275 793 1349 828; x_wconf 82' lang='lat' dir='ltr'><strong>rta</strong></span> <span class='ocrx_word' id='word_1_74' title='bbox 1376 792 1495 839; x_wconf 85' lang='lat' dir='ltr'><strong>caput</strong></span> 
     </span>
    </p>

    <p class='ocr_par' dir='ltr' id='par_1_6' title="bbox 638 853 1579 895">
     <span class='ocr_line' id='line_1_11' title="bbox 638 853 1579 895; baseline -0.003 -1"><span class='ocrx_word' id='word_1_75' title='bbox 638 855 716 895; x_wconf 85' lang='lat' dir='ltr'><strong>alto</strong></span> <span class='ocrx_word' id='word_1_76' title='bbox 745 854 961 894; x_wconf 85' lang='lat' dir='ltr'><strong>nefandum</strong></span> <span class='ocrx_word' id='word_1_77' title='bbox 989 854 1143 893; x_wconf 87' lang='lat' dir='ltr'><strong>vulneri</strong></span> <span class='ocrx_word' id='word_1_78' title='bbox 1170 854 1320 893; x_wconf 80' lang='lat' dir='ltr'><strong>ferrum</strong></span> <span class='ocrx_word' id='word_1_79' title='bbox 1349 853 1405 893; x_wconf 86' lang='lat' dir='ltr'><strong>ab</strong></span> <span class='ocrx_word' id='word_1_80' title='bbox 1415 854 1462 893; x_wconf 86' lang='lat' dir='ltr'><strong>di</strong></span> <span class='ocrx_word' id='word_1_81' title='bbox 1471 854 1495 892; x_wconf 94' lang='lat' dir='ltr'><strong>d</strong></span> <span class='ocrx_word' id='word_1_82' title='bbox 1505 855 1519 892; x_wconf 89' lang='lat' dir='ltr'><strong>i</strong></span> <span class='ocrx_word' id='word_1_83' title='bbox 1530 859 1554 893; x_wconf 84' lang='lat' dir='ltr'><strong>t.</strong></span> <span class='ocrx_word' id='word_1_84' title='bbox 1562 870 1579 889; x_wconf 87' lang='lat'><strong>‹&lt;</strong></span> 
     </span>
    </p>
   </div>
   <div class='ocr_carea' id='block_1_5' title="bbox 508 942 1061 994">
    <p class='ocr_par' dir='ltr' id='par_1_7' title="bbox 508 942 1061 994">
     <span class='ocr_line' id='line_1_12' title="bbox 508 942 1061 994; baseline -0.004 -12"><span class='ocrx_word' id='word_1_85' title='bbox 508 943 630 994; x_wconf 88' lang='lat' dir='ltr'><strong>Verg.</strong></span> <span class='ocrx_word' id='word_1_86' title='bbox 660 944 760 984; x_wconf 87' lang='lat' dir='ltr'><strong>Aen.</strong></span> <span class='ocrx_word' id='word_1_87' title='bbox 789 942 841 992; x_wconf 84' lang='grc' dir='ltr'><strong>ΙΙ,</strong></span> <span class='ocrx_word' id='word_1_88' title='bbox 872 943 950 981; x_wconf 88' lang='grc'><strong>550</strong></span> <span class='ocrx_word' id='word_1_89' title='bbox 980 954 1061 993; x_wconf 84' lang='lat' dir='ltr'><strong>sq.:</strong></span> 
     </span>
    </p>
   </div>
   <div class='ocr_carea' id='block_1_6' title="bbox 637 1018 1858 1264">
    <p class='ocr_par' dir='ltr' id='par_1_8' title="bbox 642 1018 1611 1069">
     <span class='ocr_line' id='line_1_13' title="bbox 642 1018 1611 1069; baseline 0.002 -15"><span class='ocrx_word' id='word_1_90' title='bbox 642 1018 754 1058; x_wconf 82' lang='lat' dir='ltr'><strong>»Hoc</strong></span> <span class='ocrx_word' id='word_1_91' title='bbox 782 1018 918 1057; x_wconf 88' lang='lat' dir='ltr'><strong>dicens</strong></span> <span class='ocrx_word' id='word_1_92' title='bbox 946 1018 1127 1057; x_wconf 88' lang='lat' dir='ltr'><strong>altaria</strong></span> <span class='ocrx_word' id='word_1_93' title='bbox 1154 1018 1350 1069; x_wconf 75' lang='lat' dir='ltr'><strong>adipsa</strong></span> <span class='ocrx_word' id='word_1_94' title='bbox 1378 1020 1611 1057; x_wconf 84' lang='lat' dir='ltr'><strong>trementem</strong></span> 
     </span>
    </p>

    <p class='ocr_par' dir='ltr' id='par_1_9' title="bbox 637 1084 1858 1264">
     <span class='ocr_line' id='line_1_14' title="bbox 638 1084 1556 1137; baseline -0.002 -14"><span class='ocrx_word' id='word_1_95' title='bbox 638 1084 761 1123; x_wconf 79' lang='lat' dir='ltr'><strong>traxit</strong></span> <span class='ocrx_word' id='word_1_96' title='bbox 789 1086 829 1123; x_wconf 93' lang='lat' dir='ltr'><strong>et</strong></span> <span class='ocrx_word' id='word_1_97' title='bbox 855 1084 980 1123; x_wconf 88' lang='lat' dir='ltr'><strong>multo</strong></span> <span class='ocrx_word' id='word_1_98' title='bbox 1009 1084 1227 1134; x_wconf 82' lang='lat' dir='ltr'><strong>lapsantem</strong></span> <span class='ocrx_word' id='word_1_99' title='bbox 1256 1084 1447 1133; x_wconf 83' lang='lat' dir='ltr'><strong>sanguine</strong></span> <span class='ocrx_word' id='word_1_100' title='bbox 1474 1084 1556 1137; x_wconf 82' lang='lat' dir='ltr'><strong>nati</strong></span> 
     </span>
     <span class='ocr_line' id='line_1_15' title="bbox 637 1148 1858 1200; baseline -0.002 -13"><span class='ocrx_word' id='word_1_101' title='bbox 637 1149 999 1200; x_wconf 86' lang='lat' dir='ltr'><strong>implicuitque</strong></span> <span class='ocrx_word' id='word_1_102' title='bbox 1027 1160 1207 1188; x_wconf 85' lang='lat' dir='ltr'><strong>comam</strong></span> <span class='ocrx_word' id='word_1_103' title='bbox 1236 1148 1376 1188; x_wconf 86' lang='lat' dir='ltr'><strong>laeva</strong></span> <span class='ocrx_word' id='word_1_104' title='bbox 1404 1149 1620 1198; x_wconf 82' lang='lat' dir='ltr'><strong>dextraque</strong></span> <span class='ocrx_word' id='word_1_105' title='bbox 1650 1159 1858 1186; x_wconf 89' lang='lat' dir='ltr'><strong>coruscum</strong></span> 
     </span>
     <span class='ocr_line' id='line_1_16' title="bbox 639 1213 1727 1264; baseline -0.002 -10"><span class='ocrx_word' id='word_1_106' title='bbox 639 1214 782 1254; x_wconf 86' lang='lat' dir='ltr'><strong>extulit</strong></span> <span class='ocrx_word' id='word_1_107' title='bbox 810 1227 856 1253; x_wconf 91' lang='lat' dir='ltr'><strong>ac</strong></span> <span class='ocrx_word' id='word_1_108' title='bbox 885 1214 995 1254; x_wconf 84' lang='lat' dir='ltr'><strong>lateri</strong></span> <span class='ocrx_word' id='word_1_109' title='bbox 1025 1214 1162 1264; x_wconf 82' lang='lat' dir='ltr'><strong>capulo</strong></span> <span class='ocrx_word' id='word_1_110' title='bbox 1191 1219 1307 1252; x_wconf 81' lang='lat' dir='ltr'><strong>tenus</strong></span> <span class='ocrx_word' id='word_1_111' title='bbox 1336 1213 1530 1252; x_wconf 90' lang='lat' dir='ltr'><strong>abdidit</strong></span> <span class='ocrx_word' id='word_1_112' title='bbox 1557 1225 1727 1252; x_wconf 84' lang='lat' dir='ltr'><strong>ensem.&lt;‹</strong></span> 
     </span>
    </p>
   </div>
   <div class='ocr_carea' id='block_1_7' title="bbox 506 1300 957 1351">
    <p class='ocr_par' dir='ltr' id='par_1_10' title="bbox 506 1300 957 1351">
     <span class='ocr_line' id='line_1_17' title="bbox 506 1300 957 1351; baseline -0.004 -10"><span class='ocrx_word' id='word_1_113' title='bbox 506 1300 602 1341; x_wconf 81' lang='lat' dir='ltr'><strong>Eur.</strong></span> <span class='ocrx_word' id='word_1_114' title='bbox 632 1301 768 1341; x_wconf 76' lang='lat' dir='ltr'><strong>&#39;Pi-oad.</strong></span> <span class='ocrx_word' id='word_1_115' title='bbox 801 1302 851 1340; x_wconf 88' lang='grc'><strong>16</strong></span> <span class='ocrx_word' id='word_1_116' title='bbox 881 1312 957 1351; x_wconf 89' lang='lat' dir='ltr'><strong>sq.:</strong></span> 
     </span>
    </p>
   </div>
   <div class='ocr_carea' id='block_1_8' title="bbox 639 1377 1571 1493">
    <p class='ocr_par' dir='ltr' id='par_1_11' title="bbox 639 1377 1571 1493">
     <span class='ocr_line' id='line_1_18' title="bbox 640 1377 1262 1429; baseline -0.002 -12"><span class='ocrx_word' id='word_1_117' title='bbox 640 1378 762 1429; x_wconf 74' lang='grc' dir='ltr'><strong>ηπρὸς</strong></span> <span class='ocrx_word' id='word_1_118' title='bbox 790 1378 833 1417; x_wconf 78' lang='grc' dir='ltr'><strong>δὲ</strong></span> <span class='ocrx_word' id='word_1_119' title='bbox 861 1378 1066 1429; x_wconf 80' lang='grc' dir='ltr'><em>κρηπίδων</em></span> <span class='ocrx_word' id='word_1_120' title='bbox 1093 1377 1262 1428; x_wconf 76' lang='grc' dir='ltr'><em>βάθροις</em></span> 
     </span>
     <span class='ocr_line' id='line_1_19' title="bbox 639 1442 1571 1493; baseline -0.001 -11"><span class='ocrx_word' id='word_1_121' title='bbox 639 1444 821 1482; x_wconf 84' lang='grc' dir='ltr'><strong><em>πέπτωκε</em></strong></span> <span class='ocrx_word' id='word_1_122' title='bbox 848 1442 1032 1493; x_wconf 86' lang='grc' dir='ltr'><strong><em>Πρίαμος</em></strong></span> <span class='ocrx_word' id='word_1_123' title='bbox 1062 1442 1190 1493; x_wconf 84' lang='grc' dir='ltr'><strong><em>Ζηνὸς</em></strong></span> <span class='ocrx_word' id='word_1_124' title='bbox 1218 1443 1368 1492; x_wconf 84' lang='grc' dir='ltr'><em>ἑρκείου</em></span> <span class='ocrx_word' id='word_1_125' title='bbox 1397 1442 1571 1481; x_wconf 77' lang='grc' dir='ltr'><strong><em>θανών.“</em></strong></span> 
     </span>
    </p>
   </div>
   <div class='ocr_carea' id='block_1_9' title="bbox 376 1540 1948 1657">
    <p class='ocr_par' dir='ltr' id='par_1_12' title="bbox 376 1540 1948 1657">
     <span class='ocr_line' id='line_1_20' title="bbox 507 1540 1948 1591; baseline -0.002 -11"><span class='ocrx_word' id='word_1_126' title='bbox 507 1542 558 1580; x_wconf 82' lang='lat' dir='ltr'><strong>Et</strong></span> <span class='ocrx_word' id='word_1_127' title='bbox 586 1542 727 1580; x_wconf 85' lang='lat' dir='ltr'><strong>Graeci</strong></span> <span class='ocrx_word' id='word_1_128' title='bbox 756 1544 795 1580; x_wconf 90' lang='lat' dir='ltr'><strong>et</strong></span> <span class='ocrx_word' id='word_1_129' title='bbox 822 1541 951 1580; x_wconf 88' lang='lat' dir='ltr'><strong>Latini</strong></span> <span class='ocrx_word' id='word_1_130' title='bbox 980 1544 1116 1591; x_wconf 69' lang='lat' dir='ltr'><strong>poetae</strong></span> <span class='ocrx_word' id='word_1_131' title='bbox 1148 1552 1286 1579; x_wconf 84' lang='lat' dir='ltr'><strong>versus</strong></span> <span class='ocrx_word' id='word_1_132' title='bbox 1315 1540 1463 1579; x_wconf 82' lang='lat' dir='ltr'>Seneca</span> <span class='ocrx_word' id='word_1_133' title='bbox 1491 1541 1533 1578; x_wconf 90' lang='lat' dir='ltr'><strong>in</strong></span> <span class='ocrx_word' id='word_1_134' title='bbox 1562 1552 1678 1578; x_wconf 88' lang='lat' dir='ltr'><strong>usum</strong></span> <span class='ocrx_word' id='word_1_135' title='bbox 1708 1552 1827 1577; x_wconf 86' lang='lat' dir='ltr'><strong>suum</strong></span> <span class='ocrx_word' id='word_1_136' title='bbox 1857 1552 1948 1578; x_wconf 91' lang='lat' dir='ltr'><strong>con-</strong></span> 
     </span>
     <span class='ocr_line' id='line_1_21' title="bbox 376 1606 843 1657; baseline 0.004 -14"><span class='ocrx_word' id='word_1_137' title='bbox 376 1607 494 1647; x_wconf 87' lang='lat' dir='ltr'><strong>vertit</strong></span> <span class='ocrx_word' id='word_1_138' title='bbox 520 1606 656 1646; x_wconf 87' lang='lat' dir='ltr'><strong>Troad.</strong></span> <span class='ocrx_word' id='word_1_139' title='bbox 688 1607 738 1646; x_wconf 87' lang='lat'><strong>15</strong></span> <span class='ocrx_word' id='word_1_140' title='bbox 762 1618 843 1657; x_wconf 91' lang='lat' dir='ltr'><strong>sq.:</strong></span> 
     </span>
    </p>
   </div>
   <div class='ocr_carea' id='block_1_10' title="bbox 508 1687 1520 1922">
    <p class='ocr_par' dir='ltr' id='par_1_13' title="bbox 644 1687 1509 1737">
     <span class='ocr_line' id='line_1_22' title="bbox 644 1687 1509 1737; baseline 0.001 -14"><span class='ocrx_word' id='word_1_141' title='bbox 644 1699 717 1727; x_wconf 89' lang='lat' dir='ltr'><strong>»en</strong></span> <span class='ocrx_word' id='word_1_142' title='bbox 745 1687 823 1726; x_wconf 86' lang='lat' dir='ltr'><strong>alta</strong></span> <span class='ocrx_word' id='word_1_143' title='bbox 849 1688 956 1725; x_wconf 91' lang='lat' dir='ltr'><strong>muri</strong></span> <span class='ocrx_word' id='word_1_144' title='bbox 984 1687 1126 1726; x_wconf 87' lang='lat' dir='ltr'><strong>decora</strong></span> <span class='ocrx_word' id='word_1_145' title='bbox 1155 1687 1350 1737; x_wconf 82' lang='lat' dir='ltr'>congestis</span> <span class='ocrx_word' id='word_1_146' title='bbox 1378 1687 1509 1725; x_wconf 79' lang='lat' dir='ltr'><strong>iacent</strong></span> 
     </span>
    </p>

    <p class='ocr_par' dir='ltr' id='par_1_14' title="bbox 639 1751 1517 1802">
     <span class='ocr_line' id='line_1_23' title="bbox 639 1751 1517 1802; baseline -0.002 -11"><span class='ocrx_word' id='word_1_147' title='bbox 639 1753 755 1792; x_wconf 86' lang='lat' dir='ltr'><strong>tectis</strong></span> <span class='ocrx_word' id='word_1_148' title='bbox 782 1752 922 1802; x_wconf 83' lang='lat' dir='ltr'><strong>adusti,</strong></span> <span class='ocrx_word' id='word_1_149' title='bbox 950 1753 1098 1802; x_wconf 88' lang='lat' dir='ltr'><strong>regiam</strong></span> <span class='ocrx_word' id='word_1_150' title='bbox 1126 1751 1309 1791; x_wconf 81' lang='lat' dir='ltr'><strong>flammae</strong></span> <span class='ocrx_word' id='word_1_151' title='bbox 1338 1751 1517 1790; x_wconf 83' lang='lat' dir='ltr'><strong>ambiunt</strong></span> 
     </span>
    </p>

    <p class='ocr_par' dir='ltr' id='par_1_15' title="bbox 508 1816 1520 1922">
     <span class='ocr_line' id='line_1_24' title="bbox 639 1816 1520 1869; baseline -0.003 -12"><span class='ocrx_word' id='word_1_152' title='bbox 639 1818 847 1869; x_wconf 88' lang='lat' dir='ltr'><strong>omnisque</strong></span> <span class='ocrx_word' id='word_1_153' title='bbox 876 1817 953 1857; x_wconf 89' lang='lat' dir='ltr'><strong>late</strong></span> <span class='ocrx_word' id='word_1_154' title='bbox 981 1818 1108 1856; x_wconf 83' lang='lat' dir='ltr'><strong>fumat</strong></span> <span class='ocrx_word' id='word_1_155' title='bbox 1134 1817 1319 1856; x_wconf 82' lang='lat' dir='ltr'><strong>Assaraci</strong></span> <span class='ocrx_word' id='word_1_156' title='bbox 1347 1816 1520 1856; x_wconf 67' lang='lat' dir='ltr'><strong>domus«</strong></span> 
     </span>
     <span class='ocr_line' id='line_1_25' title="bbox 508 1885 648 1922; baseline 0.007 -2"><span class='ocrx_word' id='word_1_157' title='bbox 508 1895 545 1922; x_wconf 90' lang='lat' dir='ltr'><strong>v.</strong></span> <span class='ocrx_word' id='word_1_158' title='bbox 577 1885 648 1922; x_wconf 82' lang='lat'><strong>19:</strong></span> 
     </span>
    </p>
   </div>
   <div class='ocr_carea' id='block_1_11' title="bbox 374 1956 1948 2315">
    <p class='ocr_par' dir='ltr' id='par_1_16' title="bbox 374 1956 1948 2315">
     <span class='ocr_line' id='line_1_26' title="bbox 643 1956 1193 2009; baseline -0.004 -14"><span class='ocrx_word' id='word_1_159' title='bbox 643 1958 861 2009; x_wconf 79' lang='lat' dir='ltr'><strong>»Diripitur</strong></span> <span class='ocrx_word' id='word_1_160' title='bbox 889 1958 1030 1997; x_wconf 86' lang='lat' dir='ltr'><strong>ardens</strong></span> <span class='ocrx_word' id='word_1_161' title='bbox 1058 1956 1193 1996; x_wconf 82' lang='lat' dir='ltr'><strong>Troia«</strong></span> 
     </span>
     <span class='ocr_line' id='line_1_27' title="bbox 504 2034 777 2086; baseline -0.007 -12"><span class='ocrx_word' id='word_1_162' title='bbox 504 2034 777 2086; x_wconf 83' lang='lat' dir='ltr'><strong>Respondent:</strong></span> 
     </span>
     <span class='ocr_line' id='line_1_28' title="bbox 375 2108 1948 2162; baseline -0.001 -12"><span class='ocrx_word' id='word_1_163' title='bbox 375 2111 484 2150; x_wconf 92' lang='lat' dir='ltr'><strong>Sen.:</strong></span> <span class='ocrx_word' id='word_1_164' title='bbox 514 2111 592 2150; x_wconf 86' lang='lat' dir='ltr'><strong>alta</strong></span> <span class='ocrx_word' id='word_1_165' title='bbox 615 2110 756 2150; x_wconf 88' lang='lat' dir='ltr'><strong>decora</strong></span> <span class='ocrx_word' id='word_1_166' title='bbox 787 2128 835 2144; x_wconf 89' lang='lat'><strong><em>=</em></strong></span> <span class='ocrx_word' id='word_1_167' title='bbox 866 2111 984 2161; x_wconf 90' lang='lat' dir='ltr'><strong>Verg.</strong></span> <span class='ocrx_word' id='word_1_168' title='bbox 1014 2112 1113 2149; x_wconf 88' lang='lat' dir='ltr'><strong>Aen.</strong></span> <span class='ocrx_word' id='word_1_169' title='bbox 1128 2110 1185 2159; x_wconf 58' lang='lat'><strong>⁶11,</strong></span> <span class='ocrx_word' id='word_1_170' title='bbox 1214 2111 1314 2148; x_wconf 85' lang='lat'><strong>448:</strong></span> <span class='ocrx_word' id='word_1_171' title='bbox 1346 2110 1488 2149; x_wconf 80' lang='lat' dir='ltr'><strong>decora</strong></span> <span class='ocrx_word' id='word_1_172' title='bbox 1507 2110 1584 2148; x_wconf 85' lang='lat' dir='ltr'><strong>alta</strong></span> <span class='ocrx_word' id='word_1_173' title='bbox 1607 2108 1802 2162; x_wconf 87' lang='lat' dir='ltr'><strong>(Romeny</strong></span> <span class='ocrx_word' id='word_1_174' title='bbox 1822 2122 1859 2160; x_wconf 93' lang='lat' dir='ltr'><strong>p.</strong></span> <span class='ocrx_word' id='word_1_175' title='bbox 1882 2111 1948 2158; x_wconf 88' lang='lat'><strong>36)</strong></span> 
     </span>
     <span class='ocr_line' id='line_1_29' title="bbox 374 2186 1946 2239; baseline -0.001 -11"><span class='ocrx_word' id='word_1_176' title='bbox 374 2188 483 2228; x_wconf 68' lang='lat' dir='ltr'><strong>Sen.:</strong></span> <span class='ocrx_word' id='word_1_177' title='bbox 514 2187 710 2239; x_wconf 89' lang='lat' dir='ltr'><strong>Diripitur</strong></span> <span class='ocrx_word' id='word_1_178' title='bbox 730 2187 870 2227; x_wconf 86' lang='lat' dir='ltr'><strong>ardens</strong></span> <span class='ocrx_word' id='word_1_179' title='bbox 888 2187 1002 2227; x_wconf 85' lang='lat' dir='ltr'><strong>Troia</strong></span> <span class='ocrx_word' id='word_1_180' title='bbox 1022 2205 1071 2221; x_wconf 94' lang='lat'>=</span> <span class='ocrx_word' id='word_1_181' title='bbox 1096 2187 1190 2227; x_wconf 83' lang='lat' dir='ltr'><strong>Eur.</strong></span> <span class='ocrx_word' id='word_1_182' title='bbox 1216 2186 1338 2226; x_wconf 75' lang='lat' dir='ltr'><strong>&#39;Pi-cad</strong></span> <span class='ocrx_word' id='word_1_183' title='bbox 1360 2188 1406 2226; x_wconf 90' lang='lat'><strong>8:</strong></span> <span class='ocrx_word' id='word_1_184' title='bbox 1434 2187 1674 2237; x_wconf 75' lang='grc' dir='ltr'><strong><em>πορθηθεῖσ’</em></strong></span> <span class='ocrx_word' id='word_1_185' title='bbox 1706 2187 1803 2238; x_wconf 85' lang='lat' dir='ltr'><strong>(scil.</strong></span> <span class='ocrx_word' id='word_1_186' title='bbox 1822 2187 1946 2236; x_wconf 79' lang='grc' dir='ltr'><strong><em>πόλις)</em></strong></span> 
     </span>
     <span class='ocr_line' id='line_1_30' title="bbox 506 2262 1748 2315; baseline -0.003 -13"><span class='ocrx_word' id='word_1_187' title='bbox 506 2263 625 2314; x_wconf 84' lang='lat' dir='ltr'><strong>(Vide</strong></span> <span class='ocrx_word' id='word_1_188' title='bbox 655 2275 815 2315; x_wconf 91' lang='lat' dir='ltr'><strong>quoque</strong></span> <span class='ocrx_word' id='word_1_189' title='bbox 844 2263 963 2314; x_wconf 88' lang='lat' dir='ltr'><strong>Verg.</strong></span> <span class='ocrx_word' id='word_1_190' title='bbox 994 2265 1094 2303; x_wconf 89' lang='lat' dir='ltr'><strong>Aen.</strong></span> <span class='ocrx_word' id='word_1_191' title='bbox 1125 2263 1154 2313; x_wconf 95' lang='grc' dir='ltr'>Ι,</span> <span class='ocrx_word' id='word_1_192' title='bbox 1184 2263 1285 2302; x_wconf 85' lang='grc'>284;</span> <span class='ocrx_word' id='word_1_193' title='bbox 1321 2262 1484 2301; x_wconf 88' lang='lat' dir='ltr'><strong>»domus</strong></span> <span class='ocrx_word' id='word_1_194' title='bbox 1512 2263 1748 2312; x_wconf 83' lang='lat' dir='ltr'><strong>Assaraci«)</strong></span> 
     </span>
    </p>
   </div>
   <div class='ocr_carea' id='block_1_12' title="bbox 374 2339 1949 2520">
    <p class='ocr_par' dir='ltr' id='par_1_17' title="bbox 374 2339 1949 2520">
     <span class='ocr_line' id='line_1_31' title="bbox 506 2339 1949 2390; baseline -0.001 -10"><span class='ocrx_word' id='word_1_195' title='bbox 506 2341 569 2379; x_wconf 92' lang='lat' dir='ltr'><strong>Ad</strong></span> <span class='ocrx_word' id='word_1_196' title='bbox 593 2341 681 2380; x_wconf 88' lang='lat' dir='ltr'><strong>Sen.</strong></span> <span class='ocrx_word' id='word_1_197' title='bbox 713 2342 786 2390; x_wconf 88' lang='lat' dir='ltr'><strong>Ag.</strong></span> <span class='ocrx_word' id='word_1_198' title='bbox 816 2341 896 2378; x_wconf 90' lang='grc'><strong>416</strong></span> <span class='ocrx_word' id='word_1_199' title='bbox 926 2352 982 2389; x_wconf 92' lang='lat' dir='ltr'><strong>sq.</strong></span> <span class='ocrx_word' id='word_1_200' title='bbox 1015 2340 1146 2378; x_wconf 86' lang='lat' dir='ltr'><strong>attulit</strong></span> <span class='ocrx_word' id='word_1_201' title='bbox 1172 2340 1310 2378; x_wconf 87' lang='lat' dir='ltr'><strong>Ranke</strong></span> <span class='ocrx_word' id='word_1_202' title='bbox 1338 2339 1525 2389; x_wconf 82' lang='lat' dir='ltr'><strong>Aeschyl.</strong></span> <span class='ocrx_word' id='word_1_203' title='bbox 1556 2341 1629 2388; x_wconf 86' lang='lat' dir='ltr'><strong>Ag.</strong></span> <span class='ocrx_word' id='word_1_204' title='bbox 1662 2341 1752 2379; x_wconf 87' lang='lat'><strong>641.</strong></span> <span class='ocrx_word' id='word_1_205' title='bbox 1783 2340 1859 2379; x_wconf 86' lang='lat' dir='ltr'><strong>Sed</strong></span> <span class='ocrx_word' id='word_1_206' title='bbox 1883 2341 1949 2379; x_wconf 90' lang='lat' dir='ltr'><strong>hic</strong></span> 
     </span>
     <span class='ocr_line' id='line_1_32' title="bbox 375 2401 1945 2458; baseline -0.001 -14"><span class='ocrx_word' id='word_1_207' title='bbox 375 2405 595 2457; x_wconf 84' lang='lat' dir='ltr'><strong>Vergilium</strong></span> <span class='ocrx_word' id='word_1_208' title='bbox 641 2404 757 2458; x_wconf 89' lang='lat' dir='ltr'><strong>(Aen.</strong></span> <span class='ocrx_word' id='word_1_209' title='bbox 786 2404 838 2455; x_wconf 90' lang='grc' dir='ltr'><strong>ΙΙ,</strong></span> <span class='ocrx_word' id='word_1_210' title='bbox 879 2406 902 2444; x_wconf 90' lang='lat'><strong>3</strong></span> <span class='ocrx_word' id='word_1_211' title='bbox 939 2407 978 2444; x_wconf 90' lang='lat' dir='ltr'><strong>et</strong></span> <span class='ocrx_word' id='word_1_212' title='bbox 1018 2404 1212 2455; x_wconf 89' lang='lat' dir='ltr'><strong>imprimis</strong></span> <span class='ocrx_word' id='word_1_213' title='bbox 1251 2401 1301 2454; x_wconf 92' lang='grc' dir='ltr'><strong>ΙΙ,</strong></span> <span class='ocrx_word' id='word_1_214' title='bbox 1346 2405 1411 2453; x_wconf 87' lang='grc'><strong>12)</strong></span> <span class='ocrx_word' id='word_1_215' title='bbox 1452 2404 1677 2455; x_wconf 85' lang='lat' dir='ltr'><strong>praebuisse</strong></span> <span class='ocrx_word' id='word_1_216' title='bbox 1720 2406 1945 2456; x_wconf 84' lang='lat' dir='ltr'><strong>exemplum</strong></span> 
     </span>
     <span class='ocr_line' id='line_1_33' title="bbox 374 2469 915 2520; baseline -0.006 -10"><span class='ocrx_word' id='word_1_217' title='bbox 374 2470 546 2510; x_wconf 87' lang='lat' dir='ltr'><strong>ostendit</strong></span> <span class='ocrx_word' id='word_1_218' title='bbox 572 2469 752 2519; x_wconf 86' lang='lat' dir='ltr'><strong>Romeny</strong></span> <span class='ocrx_word' id='word_1_219' title='bbox 783 2481 819 2520; x_wconf 88' lang='lat' dir='ltr'><strong>p.</strong></span> <span class='ocrx_word' id='word_1_220' title='bbox 850 2471 915 2507; x_wconf 86' lang='lat'><strong>42.</strong></span> 
     </span>
    </p>
   </div>
   <div class='ocr_carea' id='block_1_13' title="bbox 374 2548 638 2554">
    <p class='ocr_par' dir='ltr' id='par_1_18' title="bbox 374 2548 638 2554">
     <span class='ocr_line' id='line_1_34' title="bbox 374 2548 638 2554; baseline 0 0"><span class='ocrx_word' id='word_1_221' title='bbox 374 2548 638 2554; x_wconf 95' lang='lat' dir='ltr'><strong> </strong></span> 
     </span>
    </p>
   </div>
   <div class='ocr_carea' id='block_1_14' title="bbox 375 2566 1948 2663">
    <p class='ocr_par' dir='ltr' id='par_1_19' title="bbox 375 2566 1948 2663">
     <span class='ocr_line' id='line_1_35' title="bbox 509 2566 1948 2610; baseline -0.001 -8.983"><span class='ocrx_word' id='word_1_222' title='bbox 509 2567 533 2610; x_wconf 84' lang='lat'><strong>¹)</strong></span> <span class='ocrx_word' id='word_1_223' title='bbox 555 2567 617 2601; x_wconf 86' lang='lat' dir='ltr'><strong>Ter</strong></span> <span class='ocrx_word' id='word_1_224' title='bbox 639 2567 728 2601; x_wconf 83' lang='lat' dir='ltr'><strong>Haar</strong></span> <span class='ocrx_word' id='word_1_225' title='bbox 748 2567 907 2609; x_wconf 78' lang='lat' dir='ltr'><strong>Romeny,</strong></span> <span class='ocrx_word' id='word_1_226' title='bbox 942 2567 982 2599; x_wconf 87' lang='lat' dir='ltr'><strong>de</strong></span> <span class='ocrx_word' id='word_1_227' title='bbox 1016 2568 1146 2599; x_wconf 79' lang='lat' dir='ltr'><strong>auctore</strong></span> <span class='ocrx_word' id='word_1_228' title='bbox 1181 2566 1425 2608; x_wconf 77' lang='lat' dir='ltr'><strong>tragoediarum,</strong></span> <span class='ocrx_word' id='word_1_229' title='bbox 1460 2576 1541 2609; x_wconf 83' lang='lat' dir='ltr'><strong>quae</strong></span> <span class='ocrx_word' id='word_1_230' title='bbox 1564 2566 1623 2600; x_wconf 90' lang='lat' dir='ltr'><strong>sub</strong></span> <span class='ocrx_word' id='word_1_231' title='bbox 1645 2567 1786 2600; x_wconf 83' lang='lat' dir='ltr'><strong>Senecae</strong></span> <span class='ocrx_word' id='word_1_232' title='bbox 1819 2566 1948 2599; x_wconf 78' lang='lat' dir='ltr'><strong>nomine</strong></span> 
     </span>
     <span class='ocr_line' id='line_1_36' title="bbox 375 2621 1257 2663; baseline 0.001 -9"><span class='ocrx_word' id='word_1_233' title='bbox 375 2622 535 2663; x_wconf 81' lang='lat' dir='ltr'><strong>femntur,</strong></span> <span class='ocrx_word' id='word_1_234' title='bbox 558 2621 692 2663; x_wconf 82' lang='lat' dir='ltr'><strong>Vergilii</strong></span> <span class='ocrx_word' id='word_1_235' title='bbox 714 2621 884 2663; x_wconf 65' lang='lat' dir='ltr'><strong>imitatem,</strong></span> <span class='ocrx_word' id='word_1_236' title='bbox 907 2621 983 2656; x_wconf 83' lang='lat' dir='ltr'><strong>diss.</strong></span> <span class='ocrx_word' id='word_1_237' title='bbox 1006 2621 1139 2663; x_wconf 86' lang='lat' dir='ltr'><strong>Leyden</strong></span> <span class='ocrx_word' id='word_1_238' title='bbox 1164 2621 1257 2655; x_wconf 87' lang='lat'><strong>1887.</strong></span> 
     </span>
    </p>
   </div>
   <div class='ocr_carea' id='block_1_15' title="bbox 376 2686 1947 2783">
    <p class='ocr_par' dir='ltr' id='par_1_20' title="bbox 376 2686 1947 2783">
     <span class='ocr_line' id='line_1_37' title="bbox 507 2686 1947 2730; baseline -0.001 -10"><span class='ocrx_word' id='word_1_239' title='bbox 507 2687 535 2730; x_wconf 73' lang='grc'><strong>2)</strong></span> <span class='ocrx_word' id='word_1_240' title='bbox 558 2687 706 2729; x_wconf 81' lang='lat' dir='ltr'><strong>Romeny</strong></span> <span class='ocrx_word' id='word_1_241' title='bbox 728 2698 759 2729; x_wconf 91' lang='lat' dir='ltr'><strong>p.</strong></span> <span class='ocrx_word' id='word_1_242' title='bbox 784 2688 827 2721; x_wconf 86' lang='lat'><strong>10</strong></span> <span class='ocrx_word' id='word_1_243' title='bbox 860 2706 901 2712; x_wconf 95' lang='lat'>—</span> <span class='ocrx_word' id='word_1_244' title='bbox 925 2687 968 2721; x_wconf 77' lang='lat' dir='ltr'><strong>cf.</strong></span> <span class='ocrx_word' id='word_1_245' title='bbox 991 2686 1120 2721; x_wconf 66' lang='lat' dir='ltr'><strong>Sti-auss</strong></span> <span class='ocrx_word' id='word_1_246' title='bbox 1142 2687 1206 2729; x_wconf 74' lang='lat' dir='ltr'><strong>Fr..</strong></span> <span class='ocrx_word' id='word_1_247' title='bbox 1229 2687 1269 2720; x_wconf 88' lang='lat' dir='ltr'><strong>de</strong></span> <span class='ocrx_word' id='word_1_248' title='bbox 1301 2687 1423 2720; x_wconf 76' lang='lat' dir='ltr'><strong>ratione</strong></span> <span class='ocrx_word' id='word_1_249' title='bbox 1452 2688 1538 2720; x_wconf 77' lang='lat' dir='ltr'><strong>inter</strong></span> <span class='ocrx_word' id='word_1_250' title='bbox 1564 2688 1720 2721; x_wconf 85' lang='lat' dir='ltr'><strong>Senecam</strong></span> <span class='ocrx_word' id='word_1_251' title='bbox 1748 2689 1781 2720; x_wconf 89' lang='lat' dir='ltr'><strong>et</strong></span> <span class='ocrx_word' id='word_1_252' title='bbox 1802 2687 1947 2729; x_wconf 72' lang='lat' dir='ltr'><strong>antiquas</strong></span> 
     </span>
     <span class='ocr_line' id='line_1_38' title="bbox 376 2740 1440 2783; baseline 0.003 -10"><span class='ocrx_word' id='word_1_253' title='bbox 376 2740 505 2774; x_wconf 81' lang='lat' dir='ltr'><strong>fabulas</strong></span> <span class='ocrx_word' id='word_1_254' title='bbox 526 2742 687 2775; x_wconf 79' lang='lat' dir='ltr'><strong>Romanas</strong></span> <span class='ocrx_word' id='word_1_255' title='bbox 709 2742 941 2783; x_wconf 76' lang='lat' dir='ltr'><strong>intercedente,</strong></span> <span class='ocrx_word' id='word_1_256' title='bbox 962 2742 1039 2776; x_wconf 78' lang='lat' dir='ltr'><strong>diss.</strong></span> <span class='ocrx_word' id='word_1_257' title='bbox 1063 2742 1201 2775; x_wconf 68' lang='lat' dir='ltr'><strong>Rostock</strong></span> <span class='ocrx_word' id='word_1_258' title='bbox 1225 2742 1309 2775; x_wconf 80' lang='lat'>1887</span> <span class='ocrx_word' id='word_1_259' title='bbox 1332 2752 1363 2783; x_wconf 89' lang='lat' dir='ltr'><strong>p.</strong></span> <span class='ocrx_word' id='word_1_260' title='bbox 1386 2742 1440 2776; x_wconf 81' lang='grc'><strong>3-1.</strong></span> 
     </span>
    </p>
   </div>
  </div>
 </body>
</html>
