2160 3067
887 131 1129 167 -11-

364 236 452 275 Sen.
480 235 599 275 Here.
634 235 721 275 Oet.
756 237 879 275 1301:

500 301 685 339 »unicum
714 300 866 339 fulmen
894 303 1007 351 peto«

369 366 459 405 Sen.
489 365 606 405 Herc.
635 365 718 405 Oet.
750 365 873 404 1278:

501 430 630 470 »unde
657 443 765 470 nune
791 430 941 470 fulmen
970 430 1118 471 mihiP«

234 520 345 558 item:
376 517 469 556 Eur.
499 516 607 569 Hem
628 518 706 556 280
735 529 811 568 sq.:

495 594 585 642 ,ἥδ’
608 593 689 631 ἀντὶ
715 593 871 631 πολλῶν
898 594 976 630 ἐστί
998 607 1067 642 μοι
1095 595 1323 643 παραψυχή,

496 658 606 701 πόλις
631 658 770 709 τιθήνη
798 658 970 709 βάκτρον
997 658 1156 708 ἡγεμὼν
1184 658 1315 698 ὁὸοῦ.“

365 744 453 784 Seu.
482 744 616 783 Troad.
647 744 724 782 703
754 755 823 794 sq.:

500 821 706 860 »miserere
734 820 887 859 matris:
919 821 1079 858 unicum
1107 819 1286 859 adflictae
1314 822 1411 858 mihi

496 884 670 924 solamen
698 885 764 923 hic
792 887 874 924 est«

365 974 454 1013 Sen.
483 973 620 1011 Troad.
649 973 730 1012 960
758 946 853 1022 sq.:?

502 1048 608 1088 »sola
635 1060 742 1087 nunc
769 1048 866 1087 haec
894 1051 954 1088 est
981 1059 1099 1098 super

498 1117 643 1163 votum,
673 1124 815 1162 eomes,
843 1113 1021 1151 levamen
1050 1112 1232 1162 afflictae,
1260 1114 1407 1162 quiea«

366 1201 477 1240 Licet
514 1202 579 1240 hic
613 1200 826 1250 adiungere
861 1212 939 1238 non
976 1201 1126 1239 minore
1154 1212 1273 1251 quam
1302 1201 1342 1238 in
1372 1201 1611 1252 mythologia
1638 1214 1733 1241 cura
1760 1203 1800 1240 in

236 1267 452 1317 proverbiis
504 1266 753 1305 conferendis
802 1276 888 1303 esse
938 1265 1130 1304 utendum
1179 1268 1296 1314 atque
1346 1266 1610 1304 locutionibus
1659 1267 1799 1304 similis

235 1332 470 1383 argumenti.
516 1379 518 1381 μ

369 1417 423 1456 Ut
449 1417 538 1457 Son.
567 1416 673 1456 Med.
702 1417 803 1455 494:

501 1482 662 1521 »Gravis
690 1483 748 1521 ira
774 1494 910 1532 regum
940 1484 1001 1521 est
1028 1493 1216 1532 sempen«

234 1576 476 1615 quamquam
504 1563 553 1602 ad
580 1563 745 1602 verbum
773 1562 857 1603 fere
886 1563 1060 1602 concinit
1088 1575 1179 1602 oum
1208 1562 1301 1601 Eur.
1332 1563 1436 1603 Med.
1470 1564 1566 1602 119:

498 1641 627 1685 „davd
655 1641 858 1690 τυράννων
885 1640 1059 1690 λήματα“

238 1734 290 1759 ex
320 1721 509 1773 Euripide
536 1721 636 1760 illud
665 1732 895 1772 expressum
924 1732 1010 1760 esse
1038 1721 1200 1760 minime
1228 1721 1411 1763 dixerim.
1428 1723 1456 1772 1)

363 1794 655 1858 Relinquuntur
695 1808 864 1857 denique
902 1808 981 1846 duo
1020 1808 1134 1847 nobis
1163 1808 1239 1847 loci
1268 1808 1318 1846 ad
1345 1808 1646 1858 inspiciendum,
1675 1809 1803 1858 prius-

233 1885 350 1923 quam
385 1872 534 1923 aliquid
563 1873 656 1912 novi
684 1872 965 1923 aggrediamur,
993 1872 1110 1912 Here.
1140 1872 1226 1912 Oet.
1256 1874 1334 1912 821
1364 1876 1404 1912 et
1430 1872 1525 1912 ibid.
1562 1873 1641 1930 576
1670 1885 1728 1923 sq.

363 1950 495 1999 Atque
534 1949 600 1988 ille
645 1949 802 2000 quidem
843 1960 981 1988 versus
1020 1952 1153 1988 utrum
1193 1950 1242 1988 ab
1282 1949 1399 2000 Soph.
1455 1949 1587 1988 Trach.
1627 1949 1705 1988 780
1749 1961 1798 1988 an

235 2017 305 2055 Ov.
323 2018 414 2054 met.
433 2014 505 2053 lX.
526 2015 605 2054 226
621 2026 678 2065 sq.
697 2015 888 2065 originem
903 2015 1071 2065 duxerit,
1085 2016 1126 2053 in
1142 2016 1272 2055 medio
1287 2014 1592 2065 relinquendum
1607 2026 1757 2054 censeo.
1773 2017 1803 2062 2)

369 2091 533 2129 Versum
563 2094 691 2129 autem
711 2091 789 2129 576
819 2102 909 2140 non,
938 2094 983 2129 ut
1010 2091 1135 2130 voluit
1162 2091 1387 2140 Grimmius‚
1410 2102 1503 2130 oum
1525 2090 1643 2141 Soph.
1659 2090 1793 2129 Traoh.

235 2156 313 2195 604
359 2167 428 2206 sq.‚
471 2156 537 2195 sed
569 2167 658 2194 cum
703 2155 774 2194 Ov.
818 2159 907 2195 met.
949 2155 1021 2206 IX,
1075 2157 1150 2196 159
1194 2167 1280 2195 esse
1322 2155 1647 2208 componendum,
1688 2166 1803 2195 nemo

234 2221 476 2260 infitiabitur.

366 2286 476 2325 Sem:

500 2364 602 2391 »non
630 2354 721 2392 ante
750 2351 926 2391 coniunx
953 2351 1092 2391 induat
1119 2354 1246 2392 vestes
1275 2353 1367 2393 iube

497 2429 614 2467 quam
643 2420 730 2457 ture
757 2416 935 2456 flammas
963 2421 1098 2469 pascat
1126 2421 1166 2458 et
1192 2417 1321 2469 placet
1348 2418 1475 2458 deos.‹

369 2481 462 2524 0v.:
673 2486 677 2488 ’

501 2547 627 2587 »Tura
654 2547 771 2587 dabat
797 2548 934 2600 primis
963 2550 1002 2587 et
1029 2548 1149 2589 verba
1176 2550 1376 2600 precantia
1404 2548 1610 2588 flammim

369 2634 390 2673 ¹)
413 2634 456 2668 ef.
494 2634 694 2667 »Sontenzen
725 2634 760 2666 in
792 2634 933 2667 Senekas
964 2634 1158 2676 {tragediam
1173 2634 1497 2681 ‘zusammengestellt
1518 2644 1549 2669 v,
1573 2634 1675 2667 Franz
1698 2634 1805 2679 Kunz,

233 2687 343 2731 ngr.
368 2688 504 2722 Wiener
524 2688 684 2722 Neustadt
706 2688 849 2732 1896197
873 2698 943 2732 pag.
965 2690 997 2725 6.

364 2745 389 2785 ²)
412 2745 456 2778 ef.
482 2737 835 2778 Schneidewin-Nauck
856 2745 897 2778 ad
918 2745 1015 2786 Soph.
1037 2745 1149 2778 Traeh.
1173 2745 1248 2780 780.
