2160 3067
1033 138 1274 177 -14—

371 245 539 284 fortasse
566 244 665 283 locis
702 244 750 282 ab
783 244 871 283 aliis
911 244 1039 283 allatis
1079 244 1220 284 leviter
1248 245 1387 295 attigit,
1429 256 1506 283 non
1535 244 1669 293 semel,
1710 245 1779 283 sed
1806 245 1947 284 iterum

378 312 601 361 iterumque
630 311 871 361 vituperaret
899 313 1016 360 atque
1045 311 1278 361 castigaret?

504 386 644 437 Neque
664 398 756 426 vero
776 386 882 425 illius
901 387 1040 425 aetatis
1059 386 1238 426 homines
1256 388 1312 426 ita
1331 387 1539 426 abalienati
1560 390 1671 427 erant
1690 399 1713 425 a
1732 387 1947 438 priscorum

373 453 517 492 studiis
559 452 762 502 librorum,
805 455 850 491 ut
890 452 1005 503 plane
1046 464 1113 492 eos
1152 453 1349 494 oblivione
1389 454 1548 493 obrutos
1586 452 1711 492 fuisse
1753 455 1947 503 putemus.

371 518 608 558 Rectissime
651 517 758 557 enim
795 517 876 556 iam
915 516 1146 568 Bernhardy
1186 518 1247 569 (G.
1273 518 1310 559 d.
1340 514 1372 557 r.
1399 514 1495 566 ,Lim
1521 530 1557 569 p.
1586 518 1667 557 284
1695 517 1826 557 adnot.
1856 518 1951 566 213)

376 583 463 623 illos
491 582 657 623 secundi
685 595 720 633 p.
751 582 840 623 Chr.
870 596 908 625 n.
930 583 1079 623 saeculi
1101 584 1321 635 scriptores,
1342 585 1409 635 qui
1431 584 1571 623 ceteris
1590 583 1779 634 neglectis
1799 585 1947 621 tantum

376 648 510 688 Livios
535 648 750 688 Paccuvios
771 649 918 688 Accios
936 649 1156 689 imitatione
1179 649 1319 701 dignos
1348 661 1435 689 esse
1455 649 1736 701 praedicarent,
1755 660 1833 687 non
1853 650 1951 687 tam·

376 726 497 766 quam
527 726 549 754 e
579 713 687 753 caelo
718 713 913 753 decidisse
942 714 1005 754 vel
1034 726 1056 754 e
1085 714 1167 754 solo
1196 716 1372 766 erupisse
1401 715 1509 754 vidit.

508 789 675 829 Etiamsi
709 790 833 841 igitur
866 790 1065 831 Welckeri
1094 791 1237 842 opinio,
1275 803 1354 841 qua
1381 794 1557 831 veterum
1585 789 1802 842 tragoedias
1831 789 1950 829 Sene·

381 867 449 894 cae
478 866 639 906 quoque
667 858 793 894 aetate
821 856 863 893 in
892 866 1073 895 scaenam
1101 856 1311 906 productas
1340 867 1426 895 esse
1454 855 1656 895 contendit
1683 854 1797 906 (mus.
1825 854 1950 893 Rhen.

373 920 498 972 suppl.
545 920 611 960 IIc
630 933 668 972 p.
690 922 822 971 1445),
849 933 947 959 num
977 933 1068 960 vera
1095 921 1156 971 sit,
1185 922 1224 959 in
1255 921 1382 960 medio
1411 921 1680 972 relinquemus
1695 922 1736 970 ¹),
1770 923 1810 959 at
1845 923 1948 959 certe

373 986 534 1027 Persius
562 990 635 1026 sat.
666 986 697 1037 I,
740 987 790 1025 75
835 998 952 1039 quam
996 986 1211 1026 clarissime
1254 989 1429 1026 veterum
1472 998 1566 1027 suae
1608 987 1745 1026 aetatis
1773 985 1948 1025 studium

375 1053 559 1093 ostendit.
618 1052 730 1100 Quod
760 1060 798 1092 et
826 1054 911 1104 ipse
940 1053 1089 1093 Seneca
1118 1065 1176 1104 ep.
1206 1053 1348 1104 CXIV,
1380 1054 1429 1093 13
1459 1053 1684 1092 affirmavit.

508 1139 555 1179 In
585 1139 763 1180 Suetonii
794 1143 924 1180 autem
954 1140 1003 1181 de
1032 1140 1085 1180 M.
1106 1140 1194 1180 Val.
1226 1140 1353 1180 Probo
1395 1140 1553 1192 Berytio
1582 1139 1733 1180 verbis:
1779 1139 1948 1191 »legerat

374 1208 415 1244 in
447 1207 650 1257 provincia
694 1207 883 1256 quosdam
912 1209 1064 1245 veteres
1103 1207 1256 1245 libellos
1285 1207 1387 1257 apud
1427 1207 1743 1257 grammatistam,
1783 1206 1947 1243 durante

372 1271 504 1311 adhuc
538 1271 595 1310 ibi
623 1272 875 1322 antiquorum
894 1272 1084 1311 memoria
1111 1271 1281 1312 necdum
1310 1273 1470 1311 omnino
1498 1270 1643 1310 abolita
1662 1271 1766 1310 sicut
1783 1270 1946 1310 Romae«

370 1337 434 1386 (de
473 1349 636 1387 gramm.
668 1338 735 1386 24)
774 1337 872 1375 illud
917 1338 1044 1376 »Sicut
1079 1337 1250 1376 Romae«
1294 1350 1373 1376 non
1408 1340 1486 1376 tam
1529 1337 1683 1376 veritati
1710 1336 1946 1386 respondere

370 1415 489 1453 quam
519 1402 568 1441 ad
597 1402 904 1442 concinnitatem
944 1402 1226 1442 observandam
1264 1403 1306 1441 in
1336 1403 1448 1442 exitu
1478 1403 1696 1442 sententiae
1725 1401 1943 1452 appositum

370 1479 456 1507 esse
487 1467 644 1507 videtur
671 1465 729 1520 (in
757 1468 963 1518 provincia
992 1491 1041 1496 -—
1072 1469 1176 1507 sicut
1192 1467 1366 1519 Romae).
1421 1468 1548 1507 Nimis
1577 1467 1624 1506 ad
1654 1467 1820 1507 verbum
1841 1467 1946 1506 hunc

370 1532 500 1572 locum
536 1533 780 1585 interpretati
810 1544 895 1573 esse
925 1533 1110 1573 videntur
1139 1546 1229 1572 cum
1248 1533 1381 1572 Julius
1405 1533 1526 1584 Steup
1555 1531 1630 1586 (De
1650 1532 1789 1571 Probis
1818 1544 1944 1582 gram-

370 1599 534 1648 maticis,
573 1599 699 1639 Jenae
746 1600 849 1638 1871
892 1612 928 1650 p.
960 1601 1011 1638 64
1041 1598 1114 1652 sq.)
1154 1603 1237 1638 tum
1278 1599 1501 1639 Fridericus
1541 1599 1621 1638 Leo
1663 1598 1945 1649 (Plautinische

367 1662 649 1714 Forschungen
690 1676 726 1715 p.
756 1665 804 1703 21
839 1666 924 1715 sq.).
1001 1663 1078 1711 Qui
1120 1665 1204 1715 ipse
1242 1665 1266 1703 l.
1298 1676 1328 1702 c.
1357 1676 1395 1715 p.
1425 1664 1477 1702 26
1521 1663 1649 1702 adnot.
1679 1665 1702 1701 3
1747 1663 1942 1702 concedit:

374 1728 467 1768 »Ich
499 1729 614 1768 weiss
643 1729 757 1768 keine
786 1728 1010 1780 Erkliirung
1038 1729 1162 1779 dafiir,
1192 1730 1281 1768 dass
1311 1729 1418 1769 diese
1440 1729 1599 1768 Biichcr
1627 1729 1668 1767 in
1698 1728 1774 1767 den
1803 1728 1943 1766 offent-

366 1793 495 1833 lichen
527 1793 803 1834 Bibliotheken
833 1795 943 1833 nicht
971 1794 1216 1834 aufbewahrt
1244 1794 1443 1833 wurden.«

498 1870 695 1922 Deinceps
732 1871 838 1921 quod
874 1871 1125 1921 reprehendit
1153 1871 1301 1910 Seneca
1339 1871 1541 1910 archaicos
1578 1871 1797 1921 scriptores,
1828 1870 1942 1908 mini-

367 1947 430 1974 me
460 1939 529 1985 est,
573 1948 644 1975 cur
687 1936 786 1974 nihil
828 1947 879 1975 ex
917 1937 974 1975 eis
1013 1935 1126 1974 illum
1165 1936 1341 1975 hausisse
1381 1936 1568 1975 dicamus.
1631 1936 1751 1974 [mmo
1784 1947 1878 1974 vero
1908 1936 1941 1972 si

368 2000 565 2038 laudasset
593 2012 670 2049 eos,
712 2001 954 2041 miraremur.
1015 2000 1112 2038 Nam
1143 2002 1178 2039 si
1217 2001 1444 2040 consideras
1472 2001 1538 2038 illa
1576 2004 1701 2039 aetate
1730 2001 1771 2037 in
1803 2000 1943 2038 litteris

369 2064 561 2104 factiones
588 2065 747 2105 invidia.
768 2066 872 2105 inter
899 2077 985 2105 sese
1025 2066 1272 2105 contendisse
1301 2068 1419 2116 atque
1447 2065 1506 2104 ira
1533 2077 1612 2104 non
1644 2065 1794 2104 minore
1825 2076 1942 2119 quam

365 2133 481 2168 antea
508 2130 685 2169 fecerant
713 2130 787 2169 sub
816 2131 939 2169 finem
976 2130 1122 2170 liberae
1150 2131 1391 2182 reipublicae
1420 2132 1460 2168 in
1490 2132 1557 2181 eis,
1596 2142 1696 2180 quae
1725 2130 1772 2168 ad
1803 2130 1942 2168 civita-

367 2199 447 2234 tem
474 2196 727 2246 pertinerent,
767 2195 895 2245 rebus,
935 2196 1134 2245 Senecam,
1170 2200 1216 2234 ut
1243 2197 1310 2246 qui
1349 2197 1494 2247 primas
1523 2201 1650 2245 partes
1678 2200 1812 2246 ageret
1842 2195 1943 2234 inter

366 2264 535 2299 victores
553 2262 737 2299 rhetorici
756 2263 913 2311 generis
932 2264 1197 2310 assectatores,
1223 2262 1320 2299 vitia
1337 2261 1650 2299 adversariorum
1672 2262 1728 2299 ita
1751 2262 1791 2298 in
1812 2260 1941 2299 lucem

364 2326 539 2377 proferre
583 2325 775 2370 debuisse,
820 2329 863 2365 ut
905 2327 1071 2366 virtutes
1113 2339 1191 2365 non
1235 2326 1486 2377 praedicaret,
1529 2327 1644 2366 facile
1678 2327 1897 2376 in‘ollegeS.
1912 2326 1941 2374 ²)

364 2390 421 2428 Ut
448 2389 658 2428 Horatium
688 2402 847 2439 quoque
875 2402 954 2427 non
995 2390 1116 2429 semel
1145 2390 1290 2428 Lucilii
1325 2391 1517 2429 rationem
1555 2390 1750 2428 scribendi
1791 2393 1944 2428 constat

500 2485 523 2526 ι)
547 2488 747 2528 Argumenta
769 2497 788 2519 a
811 2486 982 2519 Welckero
1005 2486 1100 2519 allata
1122 2497 1186 2519 non
1209 2487 1364 2519 sufficere
1387 2487 1427 2519 ad
1450 2497 1579 2522 causam
1613 2486 1808 2528 probandam
1833 2488 1944 2519 censet

366 2540 573 2573 Bernhardus
601 2540 748 2573 Schmidt
768 2551 851 2574 muS.
884 2541 986 2573 Rhen.
1010 2541 1103 2581 XV[‚
1126 2551 1196 2582 pag.
1221 2542 1283 2574 591
1309 2541 1434 2581 adnot,;
1458 2542 1501 2575 cf.
1526 2540 1615 2575 Albr.
1639 2541 1813 2580 Dieterich,
1837 2539 1942 2572 Pulci-

364 2593 459 2636 nella,
483 2594 610 2637 Lipsiae
636 2595 718 2629 1897
742 2605 773 2637 p.
800 2596 873 2630 107.

496 2659 527 2702 ²)
550 2660 600 2693 Ad
622 2660 843 2693 illustrandam
866 2661 950 2693 hanc
973 2661 1153 2703 opinionem
1178 2670 1243 2693 non
1266 2660 1385 2693 nullius
1408 2660 1563 2694 momenti
1586 2670 1657 2694 esse
1681 2669 1796 2693 censeo
1811 2660 1942 2693 Suetom

362 2713 469 2748 locum
487 2714 522 2748 in
537 2715 605 2748 vita
626 2715 765 2749 Neronis
788 2715 845 2752 52:
872 2717 920 2749 »A
943 2715 1122 2758 cognitione
1146 2717 1290 2749 veterum
1321 2717 1482 2749 oratorum
1505 2716 1629 2749 Seneca
1652 2718 1839 2758 praeceptor
1861 2713 1942 2756 (scil.

364 2771 530 2805 Neronem
552 2771 691 2812 avertit),
715 2781 778 2812 quo
801 2771 920 2804 diutius
943 2772 976 2803 in
999 2771 1207 2804 admiratione
1231 2772 1280 2804 sui
1302 2772 1492 2804 detineret«.
