2160 3067
919 134 970 139 -
1028 113 1051 148 5
1109 133 1161 140 .-

265 221 434 261 Archiae
453 220 573 269 epigr.
593 219 716 258 Anth.
739 217 808 268 III,
840 220 900 268 14,
925 220 972 257 19
994 219 1045 257 B:
1079 219 1249 268 ,ῙῈκτορι
1275 220 1348 269 μὲν
1379 219 1495 269 Τροίη
1526 219 1829 268 συγκάτθανεν.“

342 345 345 347 ’
397 338 542 378 Contra
568 337 657 377 Sen.
686 336 791 377 Med.
821 338 899 376 579
928 349 992 388 sq:
1025 385 1028 388 ¹

598 426 674 482 »[N
677 427 755 468 ulla
784 429 843 468 vis
876 428 1058 470 flammae
1096 429 1287 470 tumidive
1315 431 1423 471 venti

593 497 711 543 tanta,
750 506 824 533 nec
851 494 921 534 teli
950 495 1162 535 metuenda
1188 495 1296 549 torti]

595 562 739 610 quanta
767 572 856 599 eum
887 560 1062 599 coniunx
1088 560 1248 601 viduata
1274 561 1397 601 taedis

854 624 962 664 ardet
990 628 1030 664 et
1057 625 1174 664 odit«
1220 614 1223 616 ’

269 738 356 765 eum
387 724 482 763 Hor.
508 735 626 763 carm.
653 723 671 761 1
699 725 763 772 25,
804 725 849 761 11
881 734 941 773 sq.
965 723 1099 773 (Spika
1125 724 1151 762 l.
1172 736 1205 765 e.
1225 736 1312 774 pag.
1333 727 1398 772 17)
1425 726 1525 763 nihil
1554 725 1698 764 habent
1726 738 1831 764 eom-

267 802 408 832 mune;
456 790 745 838 componuntur
772 787 917 826 rectius
944 799 1035 826 cum
1061 787 1157 827 Eur.
1179 787 1281 828 Med.
1302 790 1381 829 265
1402 801 1477 840 sq.:

594 887 709 931 »ὅταν
738 886 776 924 δ’
800 886 840 929 ἐς
868 885 983 937 εὐνὴν
1010 886 1225 937 ἠδικημένη
1253 892 1367 938 κυρῇ,

596 953 669 990 οὐκ
698 953 796 990 ἔστιν
823 952 917 1001 ἄλλη
946 952 1052 1002 φρὴν
1070 953 1427 1003 μιαιφονωτέρα.“1)

401 1098 458 1136 Ad
480 1098 570 1137 Sen.
594 1099 665 1148 Ag.
698 1098 827 1136 73—7
834 1098 857 1136 6
887 1097 1006 1148 Spika
1024 1098 1049 1136 l.
1071 1110 1104 1137 e.
1127 1110 1210 1149 pag.
1240 1100 1314 1137 33:
1339 1098 1579 1137 »adhibitum
1597 1103 1656 1137 est
1674 1111 1831 1137 carmen

265 1163 361 1201 Hor.
391 1163 431 1201 11
465 1163 523 1212 16,
556 1163 749 1201 16-17.‹<
782 1162 896 1209 Quod
924 1163 996 1201 etsi
1025 1163 1116 1202 nolo
1145 1163 1319 1213 infitiari,
1349 1167 1476 1202 tamen
1505 1164 1603 1202 illud
1627 1176 1832 1202 »curarum

266 1240 426 1267 somnus
455 1228 644 1277 domitor«
677 1229 727 1277 (v.
756 1229 822 1276 75)
852 1240 874 1267 e
903 1228 1051 1268 Graeco
1080 1240 1307 1280 expressum
1336 1240 1420 1268 esse
1449 1229 1660 1268 affirmem:

397 1327 442 1371 „6
476 1326 745 1377 πανδαμάτωρ
784 1327 850 1365 καὶ
882 1327 1108 1377 παγκρατὴς
1147 1327 1290 1370 ὕπνος“
1329 1325 1461 1378 (Hom.
1503 1326 1642 1377 Odyss.
1678 1342 1690 1365 ι
1719 1328 1831 1377 373);

268 1393 410 1437 ,,ὕπνος
437 1392 728 1442 πανδαμάτωρ“
756 1391 817 1444 (Il.
842 1391 882 1430 Ω
909 1393 961 1440 5).

593 1500 779 1540 Conferas
807 1512 964 1551 quoque
993 1501 1081 1540 Sen.
1109 1501 1225 1540 Here.
1255 1502 1329 1543 fur.
1364 1501 1486 1540 1065:

598 1578 643 1605 »o
673 1566 841 1605 domitor
867 1578 1003 1606 somne
1031 1566 1260 1608 malorum«

396 1676 457 1714 Ex
487 1676 576 1715 Sen.
606 1677 681 1725 Ag.
714 1678 763 1714 75
775 1677 884 1725 -89,
924 1676 994 1726 qui
1038 1675 1159 1714 »nihil
1199 1679 1291 1714 sunt
1329 1676 1405 1713 nisi
1446 1687 1582 1714 versus
1624 1675 1829 1714 Horatiani

265 1741 482 1792 subfrigide
520 1741 625 1780 aucti
653 1744 769 1791 atque
797 1741 992 1779 immutati
1023 1753 1140 1780 earm.
1170 1740 1189 1779 I
1218 1741 1280 1790 34,
1312 1742 1493 1780 12-13«
1526 1740 1658 1791 (Spika
1686 1752 1723 1790 p.
1754 1741 1832 1789 33),

269 1818 404 1845 versus
433 1808 484 1845 83
515 1806 777 1856 adAesehyl.
806 1807 881 1857 Ag.
911 1807 990 1845 469
1019 1818 1075 1856 sq.
1105 1806 1344 1856 compositus
1373 1811 1442 1847 est.

401 1925 511 1968 Sen.:
564 1937 766 1977 »quaeque
793 1925 981 1976 superbos
1010 1926 1090 1964 urit
1115 1924 1284 1975 Erinys«

402 2040 604 2090 Aeschyl.:
634 2040 719 2085 „vai
748 2040 788 2079 δ’
817 2039 980 2090 Ερινύες
1007 2040 1151 2090 χρόνῳ,

623 2105 791 2156 τυχηρὸν
819 2105 894 2143 ὄντ’
925 2105 1017 2144 ἄνευ
1047 2105 1156 2148 δίκας

623 2171 842 2221 παλιντυχεῖ
864 2171 976 2221 τριβᾷ
1002 2171 1090 2221 βίου

623 2237 754 2274 τιθεῖσ’
785 2235 989 2286 ἀμαυρόν“
1007 2265 1015 2273 .
1048 2265 1056 2273 .
1087 2264 1096 2274 .

403 2366 550 2405 Versus
580 2370 630 2407 96
672 2369 801 2405 autem
830 2367 1021 2416 originem
1061 2369 1106 2404 ut
1133 2367 1319 2416 omnium,
1359 2368 1427 2416 qui
1456 2368 1562 2406 circa
1590 2370 1693 2417 sunt,
1732 2367 1837 2417 apud

269 2429 367 2472 Hor.
399 2444 516 2470 carm.
557 2432 597 2470 Il
640 2435 688 2471 10
729 2431 975 2470 inveniemus
1016 2442 1144 2480 neque
1184 2431 1233 2469 ad
1261 2432 1449 2481 Aesehyl.
1507 2435 1579 2482 Ag.
1609 2433 1700 2481 475,
1732 2432 1835 2470 ultro

271 2496 385 2545 plane
414 2500 640 2547 corruptum
654 2499 684 2546 ²)
712 2507 959 2535 recurremus
988 2494 1078 2544 (Lit.
1100 2494 1230 2535 Centr.
1251 2496 1312 2534 Bl.
1337 2495 1462 2535 XXX
1479 2495 1619 2549 [1879]
1640 2496 1710 2536 col.
1732 2497 1835 2546 966).

404 2613 428 2655 ¹)
450 2614 494 2648 cf.
517 2614 674 2648 Buehler:
697 2608 944 2646 Ahnliohkeihen
966 2613 1032 2645 und
1054 2613 1385 2646 Versehiedenheiten
1414 2615 1473 2646 der
1495 2614 1609 2647 Medea
1629 2615 1686 2646 des
1709 2614 1837 2655 Euripi-

269 2667 336 2709 des,
359 2667 484 2701 Seneka
505 2669 571 2701 und
591 2667 760 2710 ,Corneille,
783 2668 894 2710 Progr.
916 2667 1206 2710 Donauesehingen
1232 2668 1316 2702 1876
1338 2679 1368 2710 p.
1394 2669 1445 2703 14.

401 2734 427 2775 ²)
452 2734 524 2771 vid.
540 2734 692 2776 Aeschyli
708 2735 939 2775 Agamemnon,
955 2742 1019 2767 rec.
1035 2732 1146 2766 Simon
1159 2734 1310 2776 Karsten,
1326 2735 1497 2769 comment.
1513 2734 1584 2769 erit.
1599 2734 1639 2767 ad
1655 2744 1704 2769 vs.
1716 2734 1780 2767 412
1790 2744 1837 2775 sq,

1707 2799 1745 2831 2*
