2160 3067
1003 134 1053 140 -
1095 113 1147 151 26
1191 135 1240 140 .-

341 233 454 261 orum
483 220 643 271 quidem
672 220 960 260 consuetudine
996 223 1202 271 poetarum
1240 221 1339 261 illud
1376 220 1586 261 abhomre
1618 223 1714 261 satis
1750 227 1914 262 constat.

342 286 447 334 Quid
475 285 580 325 enim
610 285 718 325 aliud
746 289 807 326 est
833 297 1016 338 magnam
1044 273 1195 338 partem
1214 286 1299 338 ipsa
1322 285 1559 326 Graecorum
1580 286 1781 339 tragoedia
1797 291 1916 340 atque

341 354 544 403 epicorum
572 352 746 391 carmina
773 352 814 391 in
845 363 961 390 usum
989 363 1131 391 scenae
1160 352 1382 391 conversa?

400 410 403 414 ⁴
472 416 596 456 Nobis
623 417 755 468 igitur,
784 417 819 456 si
848 416 941 468 quid
972 417 1070 457 certi
1112 416 1296 456 volumus
1329 419 1512 468 statuere,
1549 418 1592 456 in
1625 418 1780 469 singula
1817 430 1915 470 opus

342 489 402 522 est
428 484 640 533 inquirere.
697 482 1002 533 Proponendum
1026 494 1178 533 censeo,
1208 482 1314 534 quod
1332 482 1413 522 Leo
1432 486 1551 534 atque
1569 483 1768 528 Braunius
1787 484 1916 523 obiter

341 548 658 599 perstrinxerunt
685 547 748 586 his
776 547 925 588 verbis:
957 578 1003 598 „.
1037 577 1045 586 .
1076 578 1084 587 .
1115 578 1123 586 .
1153 547 1433 588 verschiedene
1451 547 1581 587 kleine
1602 547 1721 600 Ziige‚
1750 548 1815 588 die
1833 548 1911 588 die-

341 613 448 653 selbe
482 613 645 653 Manier
686 615 880 662 verraten,
924 613 998 652 wie
1033 613 1097 652 die
1138 612 1202 652 bei
1233 611 1497 663 Bearbeitung
1530 612 1601 652 der
1640 613 1913 664 griechischen

342 679 544 728 Originale
574 678 754 727 befolgte,
783 678 909 716 durch
939 671 1158 728 findetung
1185 678 1356 717 namlich
1385 678 1460 716 den
1498 678 1642 717 Schein
1677 679 1746 717 des
1773 678 1913 717 Neuen

339 756 391 783 zu
419 743 661 783 erwecken.“
717 741 869 792 (Braun
906 754 1007 782 mus.
1037 742 1162 782 Rhen.
1201 742 1325 781 XXII
1358 742 1495 792 (1867)
1533 755 1569 794 p.
1602 744 1711 794 174);
1753 743 1914 782 »volens

341 808 561 859 sciensque,
603 810 650 846 ut
685 818 811 858 saepe,
846 808 1096 847 contrariam·
1117 807 1251 847 effecit
1283 807 1456 847 Seneca«
1497 805 1599 860 [scil.
1637 805 1861 847 Deianiram
1891 820 1914 847 a

341 871 549 926 Sophocle]
580 872 674 926 (Leo
702 873 734 922 Ι,
767 873 844 923 73).

472 962 510 1000 Α
538 961 684 999 talibus
715 960 879 1000 Braunii
909 960 1142 1000 criminibus
1176 987 1218 994 -
1253 972 1332 999 non
1362 961 1469 1000 enim
1497 960 1611 1011 plena
1649 960 1779 999 laudis
1816 971 1913 1011 esse,

343 1039 445 1078 quae
472 1027 539 1065 ille
567 1027 681 1076 dixit,
709 1024 826 1065 facile
861 1026 1052 1065 concedes
1088 1049 1139 1054 —
1174 1025 1440 1076 Lindskogius
1477 1025 1668 1065 Senecam
1703 1024 1913 1064 defendere

343 1095 519 1132 conatur.
577 1090 655 1139 Qui
684 1103 775 1132 cum
803 1103 885 1131 rem
916 1092 1041 1142 ipsam
1069 1102 1212 1142 negare
1241 1103 1322 1130 non
1349 1092 1485 1143 possit,
1523 1094 1652 1130 tamen
1682 1091 1797 1142 longe
1826 1091 1914 1130 aliis

339 1159 389 1197 de
417 1159 549 1197 causis
577 1158 633 1196 ait
661 1157 852 1196 Senecam
880 1168 966 1196 esse
995 1168 1041 1195 eo
1069 1157 1294 1206 adductum,
1336 1160 1379 1194 ut
1413 1157 1569 1207 saepius
1607 1156 1827 1196 discederet
1865 1156 1913 1195 ab

339 1221 552 1274 exemplari
583 1221 745 1262 Graeco.
802 1221 1006 1272 Coi-rigere
1042 1221 1156 1260 illum
1190 1221 1363 1263 voluisse
1400 1224 1518 1274 atque
1558 1221 1775 1272 emendare,
1813 1233 1913 1273 quae

339 1288 490 1327 Graeco
528 1288 658 1326 minus
692 1299 876 1338 prospere
911 1287 1134 1326 evenissent
1167 1289 1315 1337 poetae,
1351 1290 1396 1325 ut
1433 1287 1531 1325 nihil
1568 1287 1675 1325 aliud
1714 1288 1756 1325 in
1797 1299 1844 1326 ea
1871 1299 1914 1326 re

341 1353 554 1393 habeamus
582 1352 686 1404 apud
716 1351 906 1392 Senecam
925 1352 1003 1392 nisi
1025 1374 1075 1380 —
1095 1352 1221 1403 ipsius
1244 1350 1472 1402 Lindskogii
1493 1351 1613 1392 verbo
1633 1352 1750 1392 liceat
1776 1353 1837 1391 uti
1861 1374 1913 1381 —

339 1419 453 1468 „eine
480 1417 612 1457 Kritik
642 1417 712 1456 der
740 1416 1006 1468 Originale‘².¹)
1056 1416 1168 1463 Quod
1196 1428 1288 1455 vero
1315 1416 1579 1467 Lindskogius
1596 1416 1622 1456 l.
1643 1428 1675 1456 c.
1694 1429 1730 1470 p.
1752 1418 1800 1455 11
1822 1429 1914 1456 con-

337 1482 443 1522 eedit
470 1483 659 1523 Senecam
691 1494 749 1525 ea.
779 1494 880 1532 quae
908 1481 1030 1521 semel
1058 1484 1262 1521 mutuatus
1280 1482 1342 1531 sit,
1371 1494 1450 1521 non
1475 1484 1701 1522 constanter
1720 1482 1770 1521 ad
1789 1482 1912 1522 finem

337 1547 562 1599 perducere,
605 1548 689 1598 ipse
723 1547 949 1598 opinionem
994 1549 1197 1585 attenuare
1232 1546 1398 1596 videtur,
1433 1557 1484 1585 ne
1520 1546 1648 1586 dicam
1685 1546 1912 1597 iufringere.

336 1613 448 1653 'Pales
476 1613 580 1652 enim
611 1613 729 1662 locos,
758 1612 827 1663 qui
856 1624 879 1651 a
907 1611 1090 1651 versibus
1120 1614 1257 1662 poetae
1287 1611 1430 1652 Graeci
1465 1624 1489 1650 a
1516 1611 1668 1652 Seneca
1696 1612 1912 1652 immutatis

337 1678 572 1729 discrepant,
615 1681 729 1717 vocat
779 1669 1074 1726 „Uberbleibsel
1126 1689 1201 1716 von
1251 1677 1340 1717 dem
1375 1676 1609 1728 Originale“.
1668 1678 1799 1729 Atque
1841 1689 1914 1728 ego

337 1743 497 1794 quidem
526 1743 713 1783 Senecam
744 1754 822 1781 non
859 1745 936 1781 tam
974 1742 1125 1781 hebetis
1159 1742 1309 1792 ingenii
1335 1741 1460 1782 fuisse
1495 1753 1637 1782 censeo
1674 1742 1913 1794 scriptorem,

336 1820 391 1859 ut,
437 1820 539 1860 quae
581 1809 623 1847 in
662 1807 879 1858 exemplari
919 1807 1068 1846 Graeco
1108 1807 1249 1846 viliora
1291 1807 1549 1857 cognovisset,
1593 1819 1639 1847 ea
1678 1807 1914 1856 emendaret,

337 1885 615 1925 quaecumque
651 1872 744 1912 inde
784 1875 1017 1921 manassent,
1060 1884 1138 1911 non
1180 1873 1272 1912 item
1315 1874 1493 1912 mutaret.
1551 1872 1732 1912 Ceterum
1773 1871 1914 1911 Linds-

337 1939 477 1989 kogius
506 1939 601 1989 ipse,
631 1950 733 1988 quae
762 1938 851 1988 quis
881 1940 1017 1976 contra
1052 1937 1210 1986 dixerit,
1248 1936 1363 1975 affert
1400 1937 1426 1975 l.
1456 1949 1489 1975 c.
1519 1949 1555 1987 p.
1588 1939 1650 1975 14.
1706 1937 1790 1976 Nec
1818 1939 1910 1987 scio,

337 2016 386 2043 an
417 2016 495 2042 non
525 2004 677 2055 possint
704 2005 806 2042 stare
844 2002 989 2053 quibus
1025 2002 1180 2041 firmare
1219 2001 1352 2041 studet
1384 2003 1616 2041 sententiam
1631 1994 1634 2000 ⁴
1652 2014 1761 2041 suam
1797 2015 1911 2053 argu-

337 2073 480 2108 menta.
538 2069 615 2109 Sed
653 2068 749 2120 quid
783 2068 916 2119 plura!
973 2067 1128 2119 Singuli
1157 2067 1415 2119 percensendi
1453 2068 1502 2106 ad
1548 2067 1716 2107 Graecas
1757 2067 1910 2120 fabulas

337 2135 412 2174 loci
463 2135 674 2185 conscrIpti
715 2137 755 2173 et
789 2134 884 2173 inde
918 2133 1121 2172 conclusio
1150 2133 1341 2176 facienda.

467 2244 495 2277 ¹)
520 2242 612 2275 Claes
635 2242 804 2282 Lindskog,
827 2241 960 2274 Studien
984 2251 1057 2272 zum
1080 2241 1210 2273 antiken
1233 2241 1362 2281 Drama,
1386 2242 1482 2275 Lund
1507 2242 1610 2280 18973
1635 2241 1678 2281 ΙΙ,
1703 2241 1731 2272 7.

878 2421 1362 2640 &Q
