2160 3067
989 165 1038 172 -
1086 145 1137 183 13
1185 164 1233 169 -.-

331 254 463 302 Atque
492 252 713 291 Straussius
748 252 918 302 quidem,
953 253 1023 302 qui
1062 251 1128 290 hic
1155 250 1290 290 Ovidii
1325 251 1458 291 locum
1490 251 1715 292 exscribere
1750 252 1905 302 omittit,

331 330 418 368 pag.
448 318 500 355 36
530 317 629 356 haec
665 320 839 356 tantum:
888 321 1029 367 »atque
1064 316 1252 355 Tristium
1289 317 1348 355 illi
1389 328 1566 367 versus«,
1605 317 1746 367 inquit,
1790 317 1908 362 »licet

330 383 550 434 fragmento
579 394 764 434 perquam
794 382 943 422 similes
970 383 1061 433 sint,
1104 394 1156 422 ex
1194 393 1240 421 eo
1268 377 1496 434 'descriptos
1530 393 1616 422 esse
1653 382 1906 421 Burmannus

331 450 372 487 in
401 449 491 487 adn.
521 448 570 487 ad
601 460 738 487 versus
767 450 863 487 istos
891 449 1038 488 nemini
1069 448 1284 498 probabit.«
1325 448 1425 488 Mihi
1454 448 1625 498 quidem,
1653 448 1788 499 fateor,
1817 460 1904 499 pro-

330 515 439 553 bavit
467 514 585 565 idque
614 527 660 554 eo
689 515 826 565 magis,
856 514 961 565 quod
981 513 1112 553 Ennio
1141 525 1300 566 quoque
1317 526 1397 554 non
1420 514 1526 553 nihil
1553 513 1696 554 debere
1717 513 1904 553 Ovidium

332 580 505 620 ostendit
533 580 713 630 Zingerle
743 581 801 630 A.,
831 580 934 619 Ovid
968 580 1048 619 und
1078 581 1162 620 sein
1193 580 1417 620 Verhaltnis
1451 593 1501 619 zu
1537 580 1612 619 den
1649 580 1904 631 Vorgangern

331 645 413 684 und
440 645 737 696 gleichzeitigen
767 645 991 685 romischen
1020 644 1225 684 Dichtern.
1284 647 1320 684 2.
1349 645 1455 693 Heft,
1492 658 1578 696 pag.
1607 646 1645 697 2,
1683 644 1904 684 Innsbruck

334 713 451 750 1871.
510 711 569 750 Of.
599 711 646 750 R.
677 710 852 761 Ehwald,
893 711 942 749 ad
973 710 1172 749 historiam
1212 712 1429 750 carminum
1458 710 1743 750 Ovidianorum
1771 722 1904 750 recen-

330 778 561 827 sionemque
590 776 803 827 symbolae.
861 776 1013 816 Gothae
1045 776 1162 826 1892,
1192 788 1227 827 p.
1260 777 1322 817 12.

459 897 549 935 Jam
588 897 637 935 ad
666 896 822 946 singula
858 900 1114 936 transeamus.
1172 897 1260 947 Hic,
1296 909 1397 947 quae
1431 899 1526 936 sunt
1564 898 1732 948 exiguae
1761 897 1905 935 veteris

330 962 554 1012 tragoediae
609 963 877 1002 Romanorum
931 962 1133 1013 reliquiae,
1186 975 1331 1014 parvus
1387 966 1538 1001 tantum
1594 962 1903 1012 fragmentorum

333 1040 521 1066 numerus
562 1029 601 1066 in
654 1029 983 1079 comparationem
1032 1029 1163 1067 vocari
1208 1031 1346 1079 potest.
1404 1027 1598 1067 Locorum
1641 1029 1757 1078 enim,
1803 1039 1903 1078 quos

332 1093 552 1132 Straussius
581 1094 622 1131 in
652 1105 765 1132 suam
794 1105 953 1133 causam
984 1097 1136 1133 vertere
1175 1093 1337 1142 studuit,
1375 1105 1516 1143 magna
1553 1105 1642 1143 pars
1677 1093 1762 1132 eius
1796 1093 1903 1131 modi

331 1160 401 1206 est,
431 1161 475 1195 ut
503 1157 603 1195 nihil
633 1158 793 1195 omnino
823 1158 915 1196 inde
945 1158 1076 1208 colligi
1112 1158 1246 1208 possit.
1303 1158 1358 1196 Ut
1395 1158 1619 1208 exemplum
1655 1157 1827 1206 afferam,
1861 1157 1903 1194 in

332 1223 505 1262 Senecae
533 1223 750 1261 Troadibus
779 1222 1033 1262 Calchantem
1061 1226 1168 1262 certo
1197 1223 1246 1261 ad
1275 1222 1504 1273 Sophoclem
1539 1222 1788 1262 1eferendum
1819 1234 1905 1261 esse

331 1287 397 1325 ille
425 1287 599 1325 affirmat
614 1287 654 1339 (Ι.
673 1299 706 1326 c.
723 1299 760 1338 p.
781 1286 861 1339 26),
885 1287 925 1325 id
946 1287 1051 1337 quod
1074 1290 1203 1338 pateat
1225 1299 1247 1326 e
1267 1287 1384 1338 Soph.
1409 1288 1482 1337 frg.
1500 1289 1549 1325 31
1572 1290 1612 1325 et
1631 1288 1725 1325 Acc.
1739 1287 1902 1337 Astyan.

331 1353 404 1403 frg.
441 1354 477 1393 5.
509 1352 702 1393 Graecum
742 1365 836 1392 vero
865 1353 963 1392 illud
997 1352 1263 1404 fragmentum
1296 1355 1487 1403 quantum
1520 1352 1657 1400 valeat,
1690 1352 1783 1391 inde
1814 1352 1908 1391 licet

332 1418 580 1467 concludere,
627 1418 733 1467 quod
774 1418 940 1456 alterum
974 1419 1060 1456 eius
1095 1429 1253 1456 versum
1292 1430 1371 1456 non
1409 1417 1622 1468 Sophoclis,
1662 1417 1731 1455 sed
1766 1418 1904 1455 comici

333 1486 468 1533 poetae
497 1494 583 1522 esse
610 1486 722 1534 putat
751 1482 1000 1530 Nauckius.1)

465 1575 566 1613 Aliis
595 1576 693 1614 locis
722 1575 908 1615 Senecam
941 1576 1100 1626 propius
1130 1575 1179 1613 ad
1209 1574 1405 1624 Ovidium,
1444 1574 1662 1625 Vergilium
1701 1586 1816 1624 quam
1856 1574 1905 1612 ad

334 1644 484 1680 veteres
514 1644 646 1692 poetas
675 1641 863 1681 accedere
894 1653 970 1680 non
996 1653 1107 1692 nego,
1138 1640 1225 1679 aliis
1255 1640 1490 1680 Graecorum
1522 1640 1746 1691 exemplum
1765 1639 1903 1679 Latino

332 1707 578 1756 expressiora
605 1706 792 1757 praebere
821 1707 992 1745 concedo
1014 1707 1188 1756 vestigia,
1209 1718 1309 1755 quae
1328 1707 1475 1744 Seneca
1493 1707 1546 1744 sit
1564 1709 1735 1745 secutus.
1765 1705 1904 1755 Neque

332 1771 485 1815 desunt,
515 1771 659 1821 quibus
689 1783 766 1810 non
798 1783 848 1810 ex
878 1784 956 1810 uuo
984 1771 1156 1810 alterove
1183 1771 1302 1820 fonte,
1332 1771 1401 1810 sed
1430 1783 1481 1810 ex
1519 1770 1698 1821 pluribus
1727 1770 1904 1809 hausisse

336 1837 517 1886 potuerit,
546 1849 686 1887 neque,
725 1836 792 1875 ubi
821 1840 898 1875 tam
928 1836 1037 1875 nulla
1065 1837 1116 1874 sit
1143 1835 1370 1885 similitudo,
1407 1839 1451 1874 ut
1486 1838 1668 1875 neutrum
1706 1835 1906 1886 exemplar

335 1902 555 1952 respexisse
585 1902 776 1940 videatur.

464 2020 618 2067 Quibus
648 2021 831 2059 omnibus
859 2022 1143 2072 praetermissis
1172 2021 1430 2060 nihilominus
1459 2032 1597 2059 versus
1619 2020 1909 2070 relinquuntur,

332 2098 430 2136 quos
460 2087 527 2137 qui
564 2087 794 2138 incorrupto
834 2090 951 2137 atque
991 2087 1143 2137 integro
1185 2087 1315 2125 animo
1354 2085 1649 2137 contempletur,
1692 2085 1781 2125 fieri
1824 2097 1901 2124 non

333 2156 470 2203 potest,
500 2154 596 2203 qujn
627 2166 650 2192 a
678 2157 855 2192 veterum
884 2153 973 2191 illos
1002 2153 1201 2202 tragoedia
1229 2153 1420 2203 originem
1450 2153 1594 2192 ducere
1623 2152 1804 2191 affirmet.

464 2268 555 2306 Sen.
597 2267 701 2306 Med.
735 2269 829 2309 176:

599 2343 783 2382 »fortuna
812 2356 906 2395 opes
934 2344 1101 2393 auferre,
1129 2356 1207 2382 non
1237 2345 1410 2382 animum
1441 2347 1590 2394 potest«

463 2448 558 2488 Acc.
600 2447 757 2499 Teleph.
791 2447 857 2498 VI,
888 2449 965 2488 619
996 2459 1057 2498 sq:

599 2537 709 2563 »nam
736 2525 770 2563 si
799 2538 822 2563 a
850 2537 912 2564 me
942 2527 1107 2574 regnum
1135 2524 1307 2562 Fortuna
1336 2526 1452 2574 atque
1482 2536 1575 2574 opes

593 2588 755 2642 ErIpere
785 2590 926 2641 quiuit,
955 2591 994 2628 at
1022 2589 1211 2629 uirtutem
1240 2590 1313 2629 nec
1342 2589 1465 2640 quiit«

466 2712 489 2755 ¹)
512 2713 659 2747 Servavit
682 2713 774 2747 nobis
797 2714 1015 2756 fragmentum
1038 2713 1247 2756 Harpocratio
1270 2715 1318 2755 (p.
1339 2713 1392 2757 28,
1420 2714 1459 2747 13
1483 2713 1632 2755 Bekker),
1648 2712 1703 2754 qui
1725 2712 1764 2745 ad
1780 2711 1901 2753 Sopho-

334 2766 392 2799 clis
416 2767 667 2801 Aichmalotidas
690 2778 802 2802 versus
824 2767 989 2811 pertinere
1011 2768 1098 2803 dicit.
