2160 3067
839 276 994 337 Pars
1039 278 1234 349 p-rion

371 412 526 453 Latinis
550 410 599 451 de
626 410 881 462 scriptoribus
910 414 954 449 ut
981 422 1152 463 aequum
1179 411 1372 450 faciamus
1397 412 1602 462 iudicium,
1633 424 1726 460 cum
1756 411 1806 451 ad

242 480 319 519 alia
344 477 469 517 multa
495 479 581 516 tum
608 475 655 514 ad
685 475 724 515 id
754 486 854 527 opus
881 479 941 515 est
967 475 1176 526 attendere,
1213 479 1405 527 quantum
1434 476 1604 528 quisque
1632 476 1808 518 hauserit

242 557 291 584 ex
319 543 480 584 Graecis
519 541 809 595 exemplaribus
848 544 888 581 et
927 541 1122 593 quomodo
1159 553 1214 593 ea,
1255 543 1365 593 quae
1384 555 1436 582 ex
1463 543 1512 582 iis
1539 544 1725 595 percepit,
1765 542 1807 582 in

241 622 360 650 suum
399 620 517 652 usum
556 607 803 649 converterit.
875 605 983 646 Huic
1020 606 1272 658 postulationi
1312 611 1357 646 ut
1394 609 1488 647 satis
1526 608 1651 659 fieret,
1692 608 1807 648 multi

240 676 418 720 homines
447 674 552 713 docti
581 673 623 712 id
650 685 804 712 summa
835 671 1036 722 diligentia
1064 672 1322 722 enitebantur,
1363 677 1406 712 ut
1433 686 1568 713 eorum
1597 686 1804 713 numerum

237 740 422 789 locorum,
451 739 521 791 qui
548 736 699 778 Latinis
727 749 818 777 cum
846 736 1006 780 Graecis
1044 748 1270 777 communes
1298 741 1430 777 essent
1456 739 1724 790 scriptoribus,
1761 739 1805 778 in

240 806 323 845 dies
361 804 569 847 redderent
607 803 870 854 integriorem.
928 801 1172 852 Quamquam
1210 802 1268 840 illi
1297 815 1419 841 unum
1458 804 1673 843 ostendisse
1709 804 1807 842 mihi

240 870 425 909 videntur
450 880 544 907 usos
573 879 659 908 esse
686 867 886 906 Romanos
914 867 1202 918 exemplaribus
1233 867 1481 918 Graecorum,
1510 869 1705 919 quomodo
1743 871 1804 908 usi

239 927 329 983 sint,
357 946 436 973 non
465 934 572 972 item.
630 934 813 972 Attamen
840 932 917 971 hoc
948 933 1076 983 ipsum
1107 934 1250 971 summi
1290 934 1476 972 momenti
1504 945 1590 973 esse
1618 934 1666 973 ad
1696 935 1804 985 inge-

239 1001 349 1038 nium
378 999 580 1049 scriptoris
618 998 775 1048 penitus
813 997 1130 1048 perspiciendum
1170 998 1336 1048 eiusque
1380 998 1576 1038 scribendi
1615 999 1805 1038 rationem

239 1063 379 1103 melius
407 1062 679 1103 illustrandam
706 1074 824 1102 nemo
852 1061 1020 1112 negabit.

371 1139 485 1188 Quod
512 1140 636 1191 igitur
662 1138 869 1180 ostendere
904 1138 1017 1178 nobis
1046 1139 1332 1191 proposuimuS,
1372 1152 1450 1192 qua
1475 1140 1626 1183 ratione
1655 1140 1806 1180 Seneca

240 1206 526 1258 tragoediarum
553 1206 721 1259 scriptor
757 1205 991 1257 processerit
1028 1206 1069 1244 in
1098 1197 1334 1244 Groecorum
1365 1198 1646 1257 exemplarium
1676 1207 1803 1245 imita-

239 1274 355 1320 tione,
382 1276 492 1323 grato
519 1272 650 1310 animo
680 1276 837 1310 utemur
873 1271 1068 1309 similibus
1097 1271 1194 1310 locis
1231 1272 1443 1309 maximam
1472 1275 1618 1322 partem
1648 1273 1724 1310 iam
1755 1272 1802 1321 ab

240 1337 328 1376 aliis
356 1337 552 1388 congestis
566 1335 607 1388 1),
636 1336 703 1376 sed
730 1337 795 1386 ita,
825 1339 872 1375 ut
897 1338 1096 1387 tamquam
1123 1347 1194 1388 pro
1216 1335 1474 1376 fundamento
1495 1348 1561 1376 eos
1582 1336 1804 1387 habeamus,

238 1404 279 1440 in
309 1414 387 1452 quo
415 1402 641 1441 aedificium
671 1405 933 1440 exstruamus.

376 1498 400 1538 ¹)
421 1499 533 1531 Braun
544 1498 639 1537 Guil.,
661 1498 722 1530 Die
747 1497 927 1530 Phenissen
938 1498 995 1530 des
1006 1497 1140 1536 Seneka,
1154 1507 1236 1531 mus.
1260 1497 1362 1532 Rhea
1379 1498 1446 1532 XX
1463 1498 1575 1539 (1865)
1590 1507 1662 1540 pag.
1678 1499 1740 1531 271
1757 1509 1804 1540 sq.

369 1563 480 1596 Braun
502 1562 596 1604 Guil.‚
619 1563 687 1598 Der
708 1556 829 1604 Odipus
851 1563 908 1595 des
930 1562 1056 1595 Seneka
1081 1563 1115 1595 iu
1144 1563 1255 1595 seinen
1278 1563 1508 1605 Beziehungen
1530 1573 1571 1595 zu
1594 1564 1657 1596 den
1684 1563 1805 1605 gleich-

238 1618 387 1660 namigen
408 1617 549 1651 Stiicken
571 1618 628 1650 des
650 1616 825 1659 Sophokles
847 1617 913 1650 und
935 1617 1105 1661 Euripides
1127 1617 1193 1650 und
1217 1628 1257 1650 za
1279 1617 1408 1651 Statius'
1431 1617 1577 1659 Thebais,
1593 1628 1676 1653 mus,
1699 1619 1802 1653 Rhen.

238 1672 340 1706 XXII
363 1673 476 1714 (1867)
499 1682 570 1714 pag.
593 1673 658 1705 245
681 1682 728 1714 sq.

368 1727 479 1760 Braun
501 1726 595 1763 Guil„
617 1727 658 1759 de
679 1727 820 1760 Senecae
842 1726 960 1768 fabula,
983 1736 1064 1768 quae
1092 1727 1277 1760 inscribitur
1298 1727 1446 1769 Troades,
1480 1728 1804 1770 Gymn.-Programm

239 1781 351 1814 Wesel
373 1781 470 1815 1870.

367 1835 477 1871 Braun
500 1835 594 1875 Guil„
616 1835 677 1870 Die
698 1836 813 1871 Medea
833 1836 890 1870 des
912 1835 1046 1877 Seneka,
1068 1846 1150 1872 mue.
1183 1836 1288 1872 Rhen.
1303 1836 1440 1870 XXXII
1462 1836 1574 1879 (1877)
1598 1847 1669 1879 pag.
1690 1838 1734 1871 68
1756 1847 1804 1885 sq,

364 1890 487 1922 Grimm
510 1890 613 1926 Rich2,
646 1891 714 1923 Der
734 1890 894 1923 Herkules
927 1891 1063 1923 Oetaeus
1086 1891 1142 1923 des
1164 1891 1288 1923 Seueka
1310 1892 1343 1923 in
1366 1891 1478 1923 seinen
1502 1889 1730 1933 Beziehungen
1761 1903 1802 1925 zu

235 1944 418 1988 Sophokles’
440 1944 734 1986 Trachinierinnen,
756 1945 803 1981 St.
825 1945 1021 1987 Petersburg
1043 1945 1138 1980 1876.

364 2000 507 2032 Werner
527 2001 621 2041 Rud„
644 2001 684 2032 de
699 2001 736 2034 L.
752 2001 858 2033 Annei
872 2001 1014 2033 Senecae
1040 2000 1179 2032 Hercule
1194 2000 1367 2033 Tmadibus
1383 2001 1567 2033 Phoenissis
1589 2003 1803 2043 quaestiones,

234 2053 309 2089 diss.
333 2054 419 2096 Lips.
445 2054 540 2090 1888.

368 2109 422 2145 »L
439 2109 563 2143 Annaei
584 2108 726 2142 Senecae
749 2109 946 2151 tragoediae«
964 2109 1125 2142 recensuit
1146 2110 1180 2142 et
1202 2109 1386 2142 emendavit
1400 2109 1581 2142 Fridericus
1602 2110 1679 2151 Leo,
1702 2110 1802 2143 Bero-

234 2162 292 2197 iini
316 2163 410 2205 1878,
434 2163 495 2199 vol.
518 2163 556 2203 1„
581 2164 764 2199 160—183.

363 2219 484 2260 Ranke,
517 2219 578 2252 Die
603 2219 777 2261 'l'mgiidien
799 2218 950 2260 Senekas,
983 2219 1017 2251 in
1053 2218 1327 2260 »Abhandlungen
1361 2220 1426 2251 und
1450 2219 1635 2253 Vei-suche«
1673 2220 1803 2262 Leipzig

237 2272 320 2306 1888
341 2282 412 2315 pag.
436 2274 489 2308 21.

363 2329 415 2362 Ad
436 2330 710 2371 Agamemnonem
744 2329 835 2371 pauci
858 2328 1030 2371 Aeschylei
1062 2328 1214 2362 dramatis
1236 2328 1297 2361 loei
1316 2324 1505 2362 afferuntur
1533 2329 1595 2364 Lit.
1617 2329 1727 2364 Oentr.
1752 2330 1801 2364 Bl.

233 2381 335 2415 XXX
357 2383 471 2424 (1870)
494 2383 554 2419 ool.
576 2383 651 2419 966.

385 2437 528 2471 Koehler
547 2438 626 2478 Jos„
649 2438 685 2473 L.
701 2438 826 2472 Annaei
840 2438 982 2471 Senecae
1004 2437 1174 2479 tragoedia.
1189 2447 1271 2480 quae
1286 2437 1427 2479 Oedipus
1443 2438 1637 2479 inscribitur,
1653 2449 1727 2471 cum
1742 2439 1800 2472 So-

234 2490 355 2531 phoclis
378 2491 498 2534 Oedipo
521 2502 596 2534 rege
618 2494 809 2535 comparata.
854 2491 1100 2534 Gymn.-Progr.
1123 2491 1230 2525 Neues
1256 2492 1349 2525 1865.

362 2546 550 2581 Hillebrand
571 2548 650 2589 Jos„
688 2546 874 2590 Aeschylus'
898 2548 1118 2589 Agamemnon
1148 2547 1214 2579 und
1236 2547 1288 2579 die
1315 2547 1548 2589 gleichnamige
1569 2548 1722 2590 Tiagiidie
1745 2549 1802 2582 des

232 2599 397 2640 ngikm
418 2601 552 2642 Seneka,
575 2602 685 2642 Progr.
700 2602 732 2635 d.
748 2602 833 2635 kath.
850 2601 1044 2640 Ob.-Gymu.
1068 2600 1322 2632 Hennannstadt
1345 2602 1441 2635 1859.

361 2653 614 2689 Helfersdorferi
640 2655 950 2696 commentationem,
983 2653 1315 2698 Zusammenstellung
1342 2655 1402 2688 der
1434 2655 1549 2689 beiden
1578 2656 1801 2700 Eniihlungeu

234 2717 306 2741 vom
327 2710 413 2743 Tode
434 2710 493 2742 der
514 2710 683 2752 Polyxena
702 2719 761 2743 aus
783 2710 950 2752 Euripides
972 2709 1039 2741 und
1060 2709 1195 2751 Seneka,
1223 2710 1332 2751 Progr.
1355 2712 1386 2746 d.
1410 2712 1527 2752 Gymn.
1545 2722 1572 2745 z,
1594 2712 1627 2745 d.
1648 2712 1802 2744 Schoiten

235 2761 330 2795 Wien
356 2764 437 2798 1851
464 2765 500 2797 ut
521 2765 720 2808 acquirerem
742 2764 864 2799 trmtra
884 2763 1026 2799 nitebar.»

1669 2833 1691 2865 2
