2160 3067
923 142 1166 177 -17-

483 278 491 283 .,
531 235 703 286 Puerum
726 247 1118 297 intereanptruncat
1138 247 1388 297 membraque
1417 248 1653 285 articulatim
1682 247 1834 288 diuidit.

531 312 684 362 Perque
712 323 826 362 agros
848 314 1005 363 passim,
1031 311 1219 363 dispergit
1246 313 1403 362 cerpus:
1446 311 1485 350 id
1517 324 1564 351 ea
1589 312 1714 363 gratia

535 378 597 426 Ut,
625 377 717 416 dum
747 378 830 416 nati
858 375 1080 428 dissupatos
1107 366 1216 416 artus
1244 380 1417 427 captaret
1444 389 1595 428 parens,

532 428 622 493 fpsa
648 443 796 482 interea
824 442 1027 494 effugeret,
1055 443 1167 482 illum
1198 447 1241 481 ut
1268 445 1421 482 maeror
1447 443 1618 482 tardaret
1645 445 1768 493 sequi,

531 508 612 546 Sibi
642 508 809 547 salutem
838 512 883 547 ut
909 508 1092 547 familiari
1120 511 1273 559 pareret
1301 508 1543 559 parricidia«

402 611 499 650 Cum
529 612 603 650 hoc
629 612 847 662 fragmento
876 624 1086 663 componas
1114 611 1302 660 Ov.-trist.
1321 612 1393 662 111,
1414 614 1449 650 9.
1469 613 1520 650 26
1550 624 1604 661 sq.

540 700 783 740 »Innocuum
811 700 937 751 rigido
964 700 1137 751 perforat
1164 712 1258 740 ense
1278 700 1380 739 latus

534 766 663 814 Atque
690 766 745 803 ita
773 765 924 808 divellit
949 765 1184 815 divulsaque
1211 765 1387 803 membra
1415 776 1485 815 per
1513 776 1626 815 agros

532 830 706 880 Dissipat
732 831 774 868 in
801 830 936 868 multis
963 830 1201 869 invenienda
1226 830 1360 869 loeis«

440 924 503 961 31.
538 922 616 961 »Ut
641 919 794 973 genitor
819 922 1008 973 luctuque
1035 934 1139 961 novo
1167 922 1343 961 tardetur
1370 926 1418 972 et,
1448 926 1555 961 artus

530 987 635 1026 Dum
664 987 757 1037 legit
784 988 990 1037 extinctos,
1019 988 1129 1025 triste
1157 988 1326 1026 retardet
1354 988 1461 1026 iter.«

402 1096 550 1143 Quodsi
577 1095 675 1134 illud
710 1095 966 1145 »divulsaque
986 1095 1158 1135 membra
1184 1107 1253 1146 per
1280 1107 1392 1146 agros
1421 1096 1604 1147 dissipat«
1638 1097 1833 1136 similibus

266 1163 363 1201 locis
391 1161 585 1201 similibus
615 1161 789 1200 variatur
816 1159 1059 1213 vocabulisl),
1095 1160 1194 1199 nihil
1228 1161 1351 1211 habet,
1385 1173 1457 1200 cur
1491 1162 1656 1202 mireris.
1715 1162 1818 1209 Quid

267 1228 372 1265 enim
401 1227 507 1265 aliud
548 1227 677 1265 dicere
711 1227 848 1276 potuit,
885 1227 955 1276 qui
992 1226 1092 1264 hane
1124 1237 1208 1264 rem
1245 1229 1442 1265 narraret?
1483 1228 1544 1265 Ad
1583 1239 1702 1264 unam
1741 1239 1831 1265 vero

269 1303 404 1331 omnes
432 1294 560 1342 partes
589 1291 692 1341 quod
723 1293 761 1329 et
779 1290 892 1341 -apud
912 1290 1098 1329 Ovidium
1126 1294 1166 1329 et
1193 1291 1235 1329 in
1263 1292 1341 1330 ine.
1364 1292 1436 1330 inc.
1456 1291 1674 1342 fragmento
1692 1292 1830 1331 eodem

269 1357 383 1394 modo
412 1357 627 1405 eodemque
656 1356 792 1394 ordine
820 1360 1050 1404 sequuntur,
1085 1356 1162 1392 nisi
1200 1359 1312 1393 vetus
1349 1356 1446 1393 illud
1480 1356 1703 1406 exemplum
1742 1360 1832 1394 ante

268 1421 403 1461 oeulos
443 1421 625 1460 habuisse
666 1420 852 1460 Ovidium
889 1419 1089 1469 eoncedeS,
1131 1420 1319 1471 explicari
1357 1434 1434 1460 non
1470 1408 1607 1472 potest.
1646 1421 1832 1461 Conferas

268 1498 412 1537 quaeso
439 1480 543 1526 inter
569 1497 675 1525 sese:

399 1592 477 1630 inc.
507 1591 585 1630 ino.
614 1591 750 1641 fragm.
781 1591 831 1628 93
1440 1590 1511 1629 Ov.

525 1657 735 1705 optruneat
1118 1655 1290 1705 perforat
1317 1667 1411 1694 ense

270 1721 520 1770 membraque
552 1743 600 1747 —
630 1719 773 1757 diuidit
1116 1721 1172 1758 ita
1201 1720 1354 1759 divellit
1382 1720 1613 1769 divulsaque

1046 1589 1049 1610 Ι

1045 1697 1048 1769 ὲ

269 1796 416 1836 perque
444 1797 558 1836 agros
589 1808 636 1814 -
668 1784 854 1835 dispergit
1045 1773 1047 1809 ¹
1101 1796 1187 1835 >per
1214 1796 1328 1835 agros
1357 1784 1519 1835 dissipat

270 1850 363 1889 dum
394 1851 475 1889 nati
504 1851 723 1902 dissupatos
752 1854 860 1889 artus
898 1862 986 1900 cap·
1045 1817 1048 1875 ι
1118 1853 1226 1889 artus
1256 1850 1348 1888 dum
1380 1850 1471 1901 legit
1502 1851 1697 1889 extinctos

352 1919 452 1955 taret
479 1928 620 1967 parens
1045 1930 1048 1980 i

271 2037 384 2075 illum
418 2040 462 2075 ut
488 2048 642 2077 maeror
671 2036 840 2076 tardaret
873 2037 985 2087 sequi
1118 2039 1161 2074 ut
1177 2036 1330 2086 genitor
1342 2035 1531 2086 luctuque
1541 2047 1641 2074 novo
1653 2035 1833 2075 tardetur.

404 2167 428 2209 ¹)
463 2167 522 2201 Ov.
545 2168 614 2200 her.
639 2167 695 2209 VI,
722 2167 800 2200 129:

470 2231 637 2264 »spargere
661 2231 741 2263 quae
765 2221 864 2262 patris
881 2221 984 2262 potuit
1005 2220 1144 2253 lacerata
1167 2230 1224 2262 per
1245 2230 1337 2262 agros

467 2286 617 2318 corpora«

400 2348 441 2380 id.
467 2348 532 2381 Ibis
553 2348 635 2382 434:

471 2409 521 2439 »et
544 2409 600 2440 tua
621 2408 667 2440 sic
690 2407 770 2440 latos
793 2411 984 2448 spargantur
1006 2407 1151 2439 membra.
1173 2417 1230 2448 per
1251 2417 1360 2448 agros«

401 2478 476 2512 Sen.
500 2478 585 2511 Med.
610 2478 674 2511 452
698 2489 749 2519 sq:
777 2476 810 2511 >›.'
829 2504 836 2510 .
861 2504 869 2512 .
894 2503 902 2511 .
926 2488 1069 2519 quaeque
1092 2479 1253 2510 fraternus
1276 2488 1370 2510 cruor

467 2532 610 2573 perfudit
632 2532 752 2564 arva?«

401 2603 475 2638 Seu.
500 2603 584 2637 Med.
609 2603 671 2636 132
694 2613 748 2645 sq:

948 2658 1098 2698 »virginis
1121 2667 1238 2698 parvus
1261 2667 1368 2688 comes

727 2711 849 2745 divisus
871 2722 959 2753 ense,
982 2712 1082 2746 funus
1104 2712 1265 2754 ingestum
1289 2712 1369 2753 patri

728 2776 940 2808 sparsumque
962 2768 1059 2808 ponto
1082 2777 1207 2808 corpus.
1246 2793 1253 2800 .
1277 2792 1285 2799 .
1311 2792 1318 2799 .
1343 2792 1350 2799 .
