2160 3067
1000 148 1244 186 -16—

341 254 480 304 tragici
509 254 600 292 dell'
630 256 693 292 eta
721 254 942 304 d’Augusto
970 257 1169 304 potessero
1198 265 1327 293 essere
1354 254 1484 293 iufetti
1503 254 1605 293 della
1622 266 1719 305 pece
1736 256 1915 306 retorica,

340 331 439 370 pure
479 322 616 369 questo
657 319 794 358 difetto
835 332 914 358 non
954 331 1021 359 era
1052 321 1205 371 portato
1243 318 1279 358 al
1319 321 1444 371 punto
1472 319 1522 359 da
1548 318 1660 359 farne
1689 332 1744 359 un
1771 332 1916 371 genere

340 385 539 423 letterario
569 388 730 435 opposto
761 396 783 423 e
811 385 973 423 distinto
1001 385 1064 423 dai
1095 384 1261 423 drammi
1289 385 1330 423 di
1358 385 1532 424 Pacuvio
1561 397 1585 423 o
1613 385 1654 423 di
1682 386 1844 425 Accio.«
1860 387 1889 436 1)

473 449 655 490 Obicitur
694 452 824 489 autem
866 452 954 489 acta
991 450 1117 489 fuisse
1156 452 1337 490 acturum
1376 449 1577 500 Senecam,
1616 450 1651 489 si
1679 450 1917 491 Graecorum

342 516 559 566 tragoedias
587 516 630 553 in
660 516 918 554 deterioribus
946 518 1123 555 veterum
1147 516 1412 555 Romanorum
1433 515 1680 555 versionibus
1698 515 1913 566 relegisset.

340 581 473 631 Atque
503 581 574 619 hos
604 580 762 631 quidem
793 581 956 620 minime
984 581 1024 619 in
1055 580 1269 632 tragoediis
1296 580 1515 621 scribendis
1544 592 1631 620 eam
1655 583 1811 621 secutos
1829 593 1916 622 esse

340 647 550 695 rationem,
599 649 642 683 ut
691 645 927 685 Graecarum
970 646 1194 684 fabularum
1239 649 1438 697 tamquam
1489 646 1652 685 verbum
1700 658 1752 685 ex
1797 647 1916 686 verbo

341 713 618 760 exprimerent,
649 712 708 751 vel
738 724 789 751 ex
816 712 884 761 eis,
905 725 1006 762 quae
1029 712 1121 751 Pais
1142 712 1336 762 disseruit,
1358 712 1490 763 colligi
1508 715 1649 763 potest.
1696 712 1774 752 Sed
1792 713 1916 753 multo

342 780 433 814 ante
462 788 553 814 eum
583 776 713 814 fusius
743 779 860 826 atque
890 777 1112 815 accuratius
1141 777 1243 815 hanc
1269 788 1349 815 rem
1370 777 1553 816 tractavit
1570 777 1639 815 Th.
1657 776 1915 828 Ladewigius,

341 841 517 880 analecta
556 842 714 880 scenica
750 841 885 892 Progr.
916 841 1139 881 Neostrelit.
1178 843 1282 880 1848
1311 854 1398 893 pag.
1430 844 1576 882 7—11.
1633 841 1684 880 Et
1711 847 1797 892 post
1824 854 1916 881 eum

341 906 503 945 Carolus
522 906 682 945 Schulte
707 907 860 945 monuit
889 907 1093 958 ingenium
1122 913 1241 958 atque
1272 919 1398 946 mores
1427 906 1648 958 tragoediae
1675 908 1915 947 Annaeanae

341 973 380 1008 in
426 983 581 1009 summa
624 976 842 1022 temporum
886 976 925 1010 et
964 973 1294 1011 consuetudinum
1334 973 1522 1011 varietate
1557 972 1692 1011 eadem
1726 974 1915 1011 mansisse

343 1049 444 1086 quae
473 1035 578 1086 apud
608 1036 808 1076 archaicos
837 1037 1125 1087 tragoediarum
1146 1034 1419 1088 conditores.²)
1467 1037 1635 1086 Accedit
1653 1037 1756 1087 quod
1777 1037 1825 1087 ei,
1845 1038 1914 1087 qui

341 1102 383 1139 in
413 1100 553 1141 litteris
581 1101 700 1141 rebus
729 1102 842 1141 novis
870 1102 1040 1152 student,
1074 1105 1117 1141 ut
1146 1115 1247 1141 nova
1275 1105 1392 1152 atque
1421 1102 1578 1141 insolita
1605 1102 1778 1153 proferre
1806 1102 1915 1142 vide-

342 1169 467 1217 antur,
508 1167 628 1206 verba
656 1167 830 1207 obsoleta
858 1170 898 1207 et
925 1167 1122 1207 oblivione
1161 1167 1299 1207 obruta
1328 1167 1376 1207 ab
1407 1168 1556 1207 ultimis
1586 1167 1826 1219 temporibus
1854 1180 1915 1208 re-

341 1238 470 1281 petere
514 1232 651 1271 solent.
709 1232 769 1271 Ita
814 1233 1014 1282 Senecam,
1058 1236 1362 1283 contemptorem
1411 1236 1599 1282 veterum,
1636 1245 1773 1271 eorum
1807 1233 1916 1272 locu-

341 1297 469 1336 tiones
518 1297 681 1336 minime
719 1300 968 1348 aspernatum
1007 1309 1094 1337 esse
1131 1298 1304 1337 ostendit
1331 1297 1585 1338 Bernhardus
1613 1297 1800 1347 Schmidt,
1837 1297 1917 1337 Zur

340 1362 560 1400 riimischen
590 1361 791 1411 TragodiQ
824 1374 922 1400 mus.
951 1362 1074 1401 Rhen.
1104 1362 1204 1400 XVI
1232 1361 1371 1414 (1861)
1399 1374 1436 1412 p.
1468 1363 1545 1400 589
1562 1361 1605 1414 ⁸).

471 1426 708 1476 Priusquam
737 1430 868 1466 autem
898 1426 946 1466 ad
976 1427 1131 1478 singula
1170 1430 1423 1477 transeamus,
1463 1427 1716 1467 statuendum
1758 1428 1915 1468 videtur

341 1491 533 1530 nonnulla
560 1491 748 1531 Senecam
788 1504 867 1530 non
897 1491 945 1530 ab
973 1493 1069 1542 ipsis
1104 1493 1296 1531 archaicis
1325 1493 1449 1543 poetis
1478 1493 1547 1532 sed
1577 1505 1601 1531 a
1636 1493 1915 1543 posterioribus

340 1557 563 1608 sumpsisse,
594 1558 787 1609 imprimis
817 1558 865 1596 ab
886 1557 1041 1598 Ovidio.
1097 1558 1218 1597 Hunc
1236 1559 1365 1609 ipsum
1387 1570 1480 1598 vero
1504 1558 1593 1597 illos
1620 1570 1706 1598 esse
1734 1561 1912 1598 secutum

340 1622 571 1670 Straussius,
601 1626 646 1659 ut
673 1623 748 1660 sibi
778 1626 940 1672 constet,
971 1635 1048 1661 non
1078 1623 1194 1662 debet
1221 1624 1436 1662 concedere
1463 1624 1503 1668 (l.
1524 1635 1556 1661 c.
1575 1636 1612 1673 p.
1635 1625 1658 1661 6
1689 1624 1845 1671 adnot.).

339 1687 556 1725 Videamus
584 1699 722 1728 unum.

471 1763 548 1801 inc.
576 1763 652 1801 inc.
677 1763 750 1812 frg.
780 1764 831 1801 93
854 1775 890 1802 ν.
917 1764 993 1801 165
1023 1775 1079 1813 sq.
1109 1765 1223 1813 (quos
1240 1764 1290 1801 ad
1310 1765 1423 1803 Accii
1445 1763 1623 1802 Medeam
1642 1764 1792 1802 rettulit
1816 1764 1912 1802 Rib-

273 1816 275 1818 ’
341 1827 506 1866 beckius
537 1827 622 1866 hist.
645 1830 741 1878 trag.
763 1827 875 1879 535):

608 1907 835 1954 »postquam
866 1908 977 1955 pater

605 1969 907 2021 Adpropinquat
934 1971 1091 2020 iamque
1121 1983 1255 2022 paene,
1285 1974 1329 2009 ut
1357 1970 1711 2021 comprehendatur
1737 1973 1847 2021 parat

474 2055 494 2095 ¹)
518 2055 609 2088 ldem
633 2055 707 2089 Pais
730 2066 801 2098 pag.
824 2056 874 2089 XI
899 2057 987 2090 Varii
1010 2057 1182 2099 Thyestem
1217 2057 1250 2089 in
1273 2057 1452 2099 tragoediae
1487 2057 1664 2090 rhetoricae
1687 2067 1769 2099 quae
1796 2056 1913 2090 dicitur

339 2120 457 2151 genere
491 2112 727 2143 numerandum
762 2121 833 2143 esse
867 2114 972 2153 negat.
1019 2113 1092 2144 Non
1127 2112 1223 2150 enim,
1257 2113 1283 2144 si
1318 2113 1378 2144 hoc
1410 2113 1455 2144 ita
1477 2114 1572 2153 esset,
1602 2113 1675 2144 fieri
1698 2112 1849 2153 potuisse,
1877 2116 1913 2143 ut

340 2164 450 2204 Quint.
474 2165 518 2205 X,
544 2166 572 2204 1,
588 2165 633 2197 98
648 2175 721 2197 eum
739 2165 884 2198 laudibus
900 2167 1046 2207 efferret,
1059 2167 1165 2199 Ovidii
1177 2167 1267 2199 iuxta
1279 2166 1556 2208 intemperantiam
1570 2166 1696 2198 dicendi
1709 2166 1913 2207 vituperaret.

472 2219 497 2260 ')
521 2218 623 2253 Carol.
648 2219 790 2261 Schulte,
813 2220 1060 2262 Bemerkungen
1083 2231 1142 2253 zur
1164 2221 1441 2262 Senekatragodie,
1470 2222 1580 2262 Progr.
1605 2220 1729 2253 Rheine
1754 2221 1848 2255 1886.
1874 2238 1914 2244 -

339 2272 487 2313 Singulas
510 2273 689 2306 rhetoricae
711 2274 790 2306 artis
813 2275 1024 2315 proprietates
1047 2275 1110 2307 iam
1125 2276 1209 2316 apud
1226 2278 1352 2307 veteres
1375 2274 1512 2307 inveniri
1528 2275 1718 2307 monstravit
1733 2274 1914 2314 Morawski,

341 2327 504 2360 rhetorum
521 2328 739 2361 Romanorum
755 2328 924 2370 ampullae,
940 2329 1113 2363 Cracoviae
1130 2329 1212 2363 1901
1228 2340 1257 2371 p.
1273 2330 1313 2362 14
1326 2332 1392 2363 not.
1410 2330 1438 2362 1.
1456 2331 1489 2361 et
1504 2330 1690 2371 praesertim
1706 2340 1737 2370 p.
1751 2329 1793 2363 16
1804 2334 1870 2363 not.
1886 2331 1913 2362 1.

471 2382 653 2415 Novissime
688 2385 795 2416 autem
830 2383 913 2415 hanc
947 2393 1016 2415 rem
1050 2384 1255 2416 confirmavit
1277 2384 1417 2416 Gustave
1440 2384 1593 2424 Michaut,
1630 2383 1678 2416 »le
1700 2383 1792 2425 genie
1815 2383 1911 2416 latin«

339 2436 471 2469 Parisiis
497 2437 581 2470 1900
604 2438 660 2477 (ef.
685 2447 715 2479 p.
743 2438 804 2471 157
828 2448 891 2479 sq.;
916 2448 946 2479 p.
972 2438 1031 2470 181
1058 2438 1164 2472 adnot.
1192 2440 1225 2478 13
1263 2448 1293 2479 p.
1317 2438 1406 2480 202).

473 2491 497 2528 ³)
520 2491 563 2525 cf.
587 2492 623 2525 L.
648 2491 767 2525 Miiller
790 2492 821 2523 in
845 2492 886 2525 N.
910 2493 940 2526 J.
957 2493 980 2525 f.
997 2491 1111 2525 Philol.
1128 2492 1170 2525 89
1194 2492 1306 2533 (1864)
1331 2502 1361 2533 p.
1385 2492 1449 2524 412
1472 2495 1505 2525 et
1527 2494 1600 2527 419.
1626 2511 1667 2517 —
1692 2493 1831 2524 Werner
1848 2491 1868 2525 1.
1885 2501 1912 2523 e.

359 2553 409 2584 ag.
434 2544 476 2577 50
499 2545 690 2578 monstravit
712 2545 901 2578 vocabulum
925 2545 1099 2587 clepere
1122 2545 1161 2578 ab
1184 2546 1323 2587 antiquis
1344 2546 1569 2587 depromptum
1585 2556 1649 2578 non
1666 2556 1737 2579 esse
1753 2545 1914 2586 corrigen-

339 2598 415 2630 dum
440 2598 539 2634 Here.
563 2600 626 2634 fur.
652 2600 725 2633 799.

471 2653 582 2685 Studio
605 2654 842 2695 exquisitarum
859 2655 972 2687 nitoris
1000 2655 1234 2687 sententiarum
1258 2655 1297 2687 ad
1320 2654 1449 2687 Sallusti
1477 2664 1602 2697 quoque
1624 2654 1722 2687 libros
1745 2654 1915 2696 perductos

339 2717 410 2740 esse
426 2708 598 2750 scriptores
620 2711 790 2751 argenteae
806 2720 888 2751 quae
905 2709 1022 2742 dicitur
1036 2709 1150 2743 aetatis
1167 2709 1262 2742 docet
1276 2709 1455 2751 Morawski,
1482 2710 1540 2742 »de
1558 2719 1707 2743 sermone
1723 2709 1912 2751 scriptorum

338 2762 527 2795 Latinorum
549 2764 672 2804 aetatis,
694 2773 776 2805 quae
798 2764 916 2796 dicitur
938 2766 1100 2805 argentea,
1124 2764 1396 2805 observationes«,
1418 2765 1482 2806 Eos
1507 2764 1590 2797 1895
1613 2774 1684 2806 pag.
1708 2765 1737 2798 1.
