2160 3067
264 237 415 288 goediis
453 237 631 275 haustum
668 237 730 285 sit,
763 235 868 285 quod
912 247 1019 273 nunc
1060 234 1292 273 affinitatem
1327 234 1523 284 quandam
1557 245 1650 272 oum
1684 234 1830 272 fabulis

265 304 503 341 Graecorum
534 300 675 341 habere
703 299 871 340 videtur.
927 299 1021 340 Huc
1057 299 1230 339 maxime
1264 300 1601 350 Agamemnonem
1634 299 1833 350 pertinere

263 378 418 407 censeo.
476 366 665 406 Similiter
691 367 732 404 in
762 365 901 405 Medea
927 377 1088 416 quoque
1123 366 1264 405 ceteris
1297 364 1444 403 fabulis
1479 364 1604 404 multo
1643 365 1831 404 maiorem

264 431 452 472 habemus
480 443 687 471 numerum
717 443 851 471 eorum
882 443 1077 482 versuum,
1097 432 1175 482 -qui
1203 435 1336 471 utrum
1366 430 1416 470 ad
1430 429 1637 481 ,Euripidis
1656 430 1827 469 fabulam

262 498 344 536 sint
371 497 576 548 compositi
603 508 727 536 necne
756 507 870 535 nemo
897 496 1021 535 iudex
1050 508 1212 536 severus
1237 496 1378 535 audeat
1396 495 1626 546 diiudicare,
1655 496 1688 534 si
1709 495 1829 534 Ennii

263 562 534 613 imprimisque
564 561 696 600 Ovidii
724 560 897 600 fabulam
925 561 1194 601 intercessisse
1222 562 1379 612 cogitet.

393 648 470 688 Sed
498 660 548 688 ne
576 648 615 687 id
645 647 808 699 quidem
835 659 968 687 omnes
997 649 1256 698 consentiunt,
1285 660 1383 700 quas
1407 649 1645 688 Graecorum
1672 648 1826 687 fabulas

263 714 412 754 Seneca
439 715 492 753 sit
518 715 724 762 secutus.¹)
781 713 835 753 Ut
866 713 982 765 plane
1018 717 1167 753 taceam
1205 713 1254 753 de
1291 714 1505 765 deperditis
1546 714 1660 753 nobis
1688 726 1823 754 eorum

262 779 482 830 tragoediis,
511 780 553 817 in
580 779 793 818 Troadibus
820 778 1136 818 Andromacham
1164 791 1322 830 quoque
1347 778 1602 830 Euripideam
1633 780 1823 819 Senecam

261 843 481 895 respexisse
509 843 711 883 contendit
740 843 980 893 Brauniusfl)
1037 842 1186 891 Quodsi
1208 843 1318 884 ‚locos
1347 843 1395 883 ab
1424 855 1470 884 eo
1493 844 1629 884 allatos
1647 856 1727 883 non
1755 856 1826 896 pro

263 921 305 948 se
334 920 540 960 quemque,
569 908 636 947 sed
665 911 707 947 in
736 908 922 947 orationis
950 911 1140 947 contextu
1159 908 1308 959 legeris,
1337 909 1436 947 nihil
1454 909 1537 948 fere
1559 913 1706 949 restare
1735 922 1828 948 con-

262 974 388 1025 cedes,
417 986 495 1025 quo
517 974 679 1013 Braunii
700 974 774 1013 niti
801 973 925 1026 possit
952 973 1152 1013 sententia.
1198 972 1369 1013 Versum
1395 977 1528 1014 autem
1557 975 1647 1025 703,
1675 975 1827 1014 etiamsi

263 1052 341 1079 non
372 1039 572 1079 dissimilis
600 1043 658 1078 est
686 1039 780 1077 Eur.
809 1039 931 1078 Andr.
962 1039 1052 1089 406,
1082 1051 1206 1089 aeque
1234 1052 1280 1079 ac
1308 1039 1387 1078 960
1416 1040 1465 1078 ad
1496 1039 1587 1078 Eur.
1616 1040 1713 1079 Hec.
1745 1042 1825 1079 280

261 1104 512 1144 referendum
540 1116 626 1144 esse
654 1105 732 1143 iam
761 1115 879 1155 supra
905 1104 1145 1166 monuimus.

395 1192 494 1251 Cum
536 1204 649 1242 porro
677 1191 893 1230 Wernerus
922 1191 945 1229 l.
981 1202 1014 1229 c.
1041 1203 1128 1241 pag.
1158 1192 1208 1229 37
1246 1191 1433 1230 Senecam
1462 1193 1503 1229 in
1536 1194 1827 1242 Agamemnone

261 1256 428 1295 Troadas
457 1268 614 1308 quoque
644 1255 842 1306 Euripidis
869 1256 1065 1294 imitatum
1093 1266 1179 1295 esse
1207 1258 1350 1305 censet,
1379 1256 1516 1295 eadem
1545 1268 1637 1295 eum
1664 1256 1828 1295 audacia

261 1323 304 1360 in
342 1321 442 1361 loeis
481 1321 762 1372 componendis
812 1332 929 1360 usum
967 1331 1054 1360 esse
1098 1321 1320 1371 statuimus,
1360 1333 1476 1371 quam
1507 1322 1591 1372 ipse
1620 1322 1830 1372 exprobrat

263 1387 450 1426 Braunio.

394 1464 561 1515 Propius
606 1462 656 1502 ad
699 1463 905 1503 veritatem
944 1463 1165 1503 Straussius
1209 1463 1394 1503 accedere
1433 1463 1600 1514 videtur,
1640 1464 1710 1515 qui
1737 1464 1763 1504 l.
1793 1476 1827 1504 c.

261 1542 348 1581 pag.
378 1531 429 1570 42
460 1534 500 1570 et
527 1530 603 1569 alia
631 1534 670 1569 et
699 1529 902 1581 Sophoclis
925 1529 1127 1569 'Electram
1155 1532 1245 1570 ante
1273 1529 1409 1569 oculos
1432 1529 1619 1570 Senecam
1642 1529 1826 1569 habuisse

261 1594 462 1634 contendit
489 1595 532 1634 in
561 1595 868 1646 Agamemnonis
906 1595 1198 1646 compositione.

392 1681 637 1733 Quamquam
669 1694 718 1721 ne
748 1682 814 1721 hic
841 1681 999 1732 quidem
1027 1682 1162 1733 negari
1198 1685 1328 1732 potest
1364 1686 1444 1721 tam
1480 1682 1702 1733 generalem
1743 1694 1829 1722 esse

262 1750 444 1786 mutuum
474 1758 718 1797 consensum,
756 1751 810 1798 ut,
847 1747 882 1786 si
902 1759 1025 1786 unum
1048 1747 1179 1787 locum
1197 1747 1414 1798 excipias⁸),
1443 1748 1513 1786 vix
1546 1747 1595 1787 de
1613 1748 1830 1787 imitatione

264 1813 344 1852 dici
371 1813 507 1863 possit.

395 1932 447 1972 Ut
484 1935 616 1972 autem
649 1944 765 1983 saepe
801 1933 1011 1983 quaeritur,
1047 1935 1181 1971 utrum
1216 1932 1382 1972 Latinus
1413 1936 1528 1984 poeta
1564 1945 1613 1971 an
1653 1933 1826 1972 Graecus

263 1997 488 2049 exemplum
517 1997 687 2037 Senecae
715 1997 949 2048 praebuerit,
977 1997 1042 2047 ita,
1071 1997 1197 2048 ipsius
1224 1997 1395 2045 Graecae
1423 1997 1646 2049 tragoediae
1673 2002 1719 2037 ut
1745 1998 1823 2037 duo

262 2063 340 2102 loci
376 2063 523 2102 similes
559 2063 601 2101 in
638 2063 967 2113 comparationem
1001 2063 1134 2103 vocari
1167 2063 1327 2114 possint,
1364 2075 1444 2102 non
1479 2063 1599 2104 semel
1635 2064 1823 2112 accidit⁴)

263 2127 400 2179 Neque
428 2139 583 2179 semper
609 2127 723 2167 facile
752 2131 811 2167 est
834 2126 998 2166 alterum
1027 2131 1161 2167 utrum
1189 2128 1394 2179 praeferre.

392 2236 417 2278 ¹)
441 2237 489 2270 Ao
511 2236 691 2269 Phaedram
713 2235 843 2277 quidem
865 2235 919 2268 hic
934 2235 1120 2270 omittimus.
1161 2235 1265 2271 ,Cuius
1287 2236 1341 2279 qui
1363 2236 1486 2270 fuerint
1499 2236 1615 2278 fontes,
1638 2246 1703 2269 non
1718 2236 1820 2269 solum

259 2290 477 2323 difficilimum
500 2292 549 2323 est
570 2292 721 2332 statuere,
744 2290 811 2331 sed,
842 2300 917 2323 cum
940 2290 1113 2323 maximam
1143 2293 1268 2333 partem
1296 2291 1336 2324 de
1359 2291 1533 2333 deperditis
1569 2293 1682 2333 agatur
1715 2301 1824 2323 exem-

260 2345 475 2387 plaribus,ad
498 2348 643 2379 nostrum
666 2346 862 2387 propositum
884 2345 1003 2380 nullius
1025 2346 1095 2379 fere
1117 2346 1283 2380 momenti.

392 2411 417 2453 ²)
445 2411 512 2444 »De
540 2410 681 2445 Senecae
709 2410 827 2452 fabula,
855 2420 936 2453 quae
963 2411 1150 2444 inscribitur
1177 2411 1332 2445 Troades«
1365 2412 1456 2454 Prgr.
1481 2411 1591 2445 Wesel
1623 2411 1717 2452 1870,
1747 2421 1778 2453 p.
1801 2413 1821 2444 5

259 2466 365 2499 adnot.
392 2467 420 2499 1.
465 2466 637 2498 Praeterea
668 2466 708 2498 de
740 2466 898 2498 Troadum
920 2466 1063 2498 fontibus
1093 2466 1352 2508 disputaverunt:
1398 2466 1549 2498 Welcker
1576 2466 1629 2500 Gr.
1657 2465 1709 2499 Tr.
1738 2475 1820 2498 mus.

260 2519 363 2553 Rhen.
387 2520 491 2562 suppl.
514 2520 587 2562 Ila,
612 2530 681 2562 pag.
708 2520 784 2561 1813
818 2520 883 2554 Leo
906 2520 922 2553 1
948 2521 1027 2562 1723
1071 2522 1111 2555 A.
1133 2521 1218 2561 Pais,
1249 2521 1308 2555 riv.
1338 2521 1371 2553 di
1400 2519 1480 2554 filol.
1503 2520 1585 2554 XVI
1611 2520 1725 2563 (1888)
1749 2530 1818 2562 pag.

259 2573 323 2607 283
346 2585 411 2617 sq.;
444 2575 583 2608 Antonio
606 2575 705 2616 Cima,
728 2574 787 2609 riv.
810 2575 842 2608 di
864 2574 942 2609 filol.
964 2575 1102 2609 XXXII
1124 2575 1236 2617 (1904)
1260 2585 1289 2617 p.
1313 2575 1377 2608 252
1400 2585 1446 2617 sq.

389 2640 416 2683 ³)
439 2640 514 2675 Seu.
537 2642 595 2683 Ag.
619 2640 683 2674 997
706 2650 753 2683 sq.
778 2642 812 2673 et
832 2640 929 2683 Soph.
952 2640 1000 2675 ΕΙ.
1024 2640 1087 2674 379
1111 2652 1158 2683 sq.

392 2706 419 2748 ⁴)
442 2706 538 2747 Apud
560 2705 751 2748 Euripidem
779 2705 864 2739 haud
898 2715 971 2739 mro
1004 2706 1179 2739 sententias
1213 2705 1329 2739 variari
1362 2706 1551 2738 monstravit
1576 2706 1716 2739 Werner
1748 2706 1768 2742 l.
1792 2718 1820 2743 c.

261 2768 331 2800 pag.
353 2760 406 2793 23.
