2160 3067
985 109 1228 147 -20-

587 216 813 267 Tyrrhenus
842 217 950 256 omni
977 217 1097 267 piscis
1127 217 1279 255 exultat
1306 216 1407 256 freto

589 283 788 332 agitatque
816 294 936 333 gyros
959 285 998 321 et
1024 294 1156 321 comes
1185 282 1294 322 lateri
1325 282 1511 332 adnutat,n

591 347 740 386 anteire
767 359 889 385 naves
916 347 1043 385 laetus
1071 350 1112 385 et
1138 358 1275 385 rursus
1303 348 1438 396 sequi3

592 424 700 451 nunc
727 412 854 464 prima
883 415 1048 463 tangens
1076 414 1202 452 rostra
1227 412 1384 452 lascivit
1411 413 1565 463 chorus,

590 477 837 517 millesimam
866 490 975 517 nunc
1003 477 1125 517 ambit
1153 481 1194 517 et
1222 478 1362 517 lustrat
1389 482 1547 517 ratem«

458 565 639 615 Longum
668 568 728 604 est
755 568 871 615 atque
903 566 1045 605 inutile
1072 569 1248 617 repetere
1277 578 1412 605 omnes
1453 567 1570 616 locos,
1600 567 1743 617 quibus
1780 568 1822 606 in
1858 579 1901 606 re

328 630 447 667 simili
476 630 622 667 similia
648 630 712 668 vel
740 630 875 668 eadem
898 630 1088 668 vocabula
1115 631 1361 669 adhibentur.
1383 631 1643 670 Enumeravit
1662 644 1730 669 eos
1749 632 1902 670 Straus-

329 695 413 733 sius
441 695 465 736 l.
497 707 532 734 c.
562 707 599 745 p.
632 694 683 733 50
712 697 753 734 et
780 693 1028 734 Duentzerus
1055 695 1080 735 l.
1110 708 1144 734 c.
1174 708 1210 746 p.
1240 696 1289 735 27
1320 707 1379 746 sq.

461 770 560 808 Mihi
589 781 681 808 vero
710 770 861 809 Seneca
888 771 944 808 ita
972 770 1137 809 Liviano
1160 771 1247 810 Ioco
1277 783 1373 809 usus
1401 783 1486 809 esse
1503 772 1669 821 videtur,
1700 775 1744 810 ut
1763 773 1901 822 ampli-

328 835 467 874 ficaret
495 838 534 874 et
573 838 782 874 exornaret
819 835 975 884 singula
1008 836 1179 886 exempli
1218 836 1419 886 vocabula,
1447 836 1486 874 id
1522 836 1627 887 quod
1663 836 1765 887 apud
1796 837 1902 875 hunc

330 900 459 949 ipsum
488 903 643 950 poetam
671 901 883 938 sescenties
913 901 1147 939 invenimus.
1189 900 1327 950 Neque
1356 901 1421 939 hic
1449 901 1609 950 quidem
1636 901 1899 951 spernendum

330 969 398 1015 est,
428 965 533 1016 quod
570 965 672 1016 apud
704 968 915 1015 utrumque
955 968 1107 1016 poetam
1151 965 1379 1004 adverbium
1418 969 1547 1004 »tum«
1581 967 1813 1005 sententiam
1844 967 1902 1004 in-

332 1031 459 1069 cohat.

464 1150 578 1188 Libet
607 1160 839 1198 componere
868 1149 958 1187 Sen.
988 1149 1144 1198 Thyest.
1167 1150 1243 1188 992
1274 1161 1330 1199 sq.
1353 1162 1443 1188 cum
1464 1151 1559 1188 Acc.
1587 1151 1672 1189 Atr.
1693 1150 1766 1200 frg.
1790 1151 1902 1200 XIII,

331 1225 570 1264 quamquam
600 1214 648 1251 de
677 1214 892 1252 imitatione
922 1214 986 1252 hic
1015 1226 1092 1252 non
1124 1214 1374 1265 cogitandum
1403 1226 1489 1253 esse
1519 1218 1653 1254 censet
1682 1215 1903 1254 Straussius

332 1280 357 1316 1.
389 1292 422 1317 c.
454 1292 488 1329 p.
521 1281 582 1317 76.

465 1367 574 1406 Sen.:

601 1434 718 1482 »quid
748 1434 847 1472 hoc?
878 1434 1003 1484 magis
1033 1435 1236 1483 magisque
1265 1435 1447 1472 concussi
1477 1434 1610 1471 labant

600 1510 778 1537 convexa
806 1499 949 1546 caeli3«

466 1586 562 1623 Acc.
577 1599 584 1623 :

604 1650 703 1689 »Sed
734 1650 827 1700 quid
857 1651 1007 1689 tonitru
1035 1651 1189 1689 turbida
1219 1654 1330 1690 toruo

600 1716 800 1754 Concussa
827 1720 989 1766 repente
1018 1718 1191 1767 aequora
1219 1717 1316 1756 caeli
1350 1748 1355 1752 .

599 1781 801 1820 Sensimus
829 1782 1017 1820 sonereP«

467 1902 546 1939 Alii
577 1900 749 1940 Senecae
780 1913 915 1939 versus
944 1913 1070 1951 aeque
1099 1913 1189 1939 cum
1211 1902 1358 1940 Graeco
1387 1905 1505 1952 atque
1533 1902 1671 1940 Latino
1692 1903 1905 1953 exemplari

338 1967 517 2016 componi
547 1977 659 2017 posse
689 1966 884 2005 videntur.
946 1966 1077 2005 Unum
1107 1978 1156 2004 ex
1187 1978 1349 2005 numero
1379 1978 1513 2006 eorum
1539 1967 1581 2005 in
1602 1967 1906 2018 disputationem

340 2043 535 2070 vocemus.

469 2118 558 2157 Seu.
594 2117 694 2157 Med.
727 2119 804 2157 845
837 2130 919 2168 sq.:

606 2183 731 2233 »Huc‚
761 2196 849 2222 cara
877 2184 1015 2234 proles,
1053 2185 1216 2223 unicum
1250 2185 1422 2223 afflictae
1451 2185 1590 2224 domus

601 2250 784 2298 solamen,
824 2250 902 2287 huc
938 2261 1008 2288 vos
1045 2250 1144 2288 ferte
1174 2253 1213 2289 et
1242 2250 1394 2289 infusos
1425 2251 1520 2289 mihi

603 2315 829 2365 coniungite
858 2308 988 2354 artus«

471 2391 658 2429 Similiter
690 2390 784 2428 Eur.
815 2391 919 2430 Med.
953 2392 1056 2429 1069
1088 2403 1161 2440 sq.:

1191 2457 1309 2502 ,,ὂότ’,
1338 2456 1374 2496 ὦ
1403 2459 1527 2502 τέκνα,

712 2522 786 2560 δότ’
818 2523 1069 2561 ἀσπάσασθαι
1096 2523 1212 2573 μητρὶ
1241 2523 1369 2567 δεξιὰν
1397 2524 1527 2573 χέρα.“

471 2601 510 2637 et
538 2598 638 2639 Enn.
668 2598 771 2637 Med.
800 2598 875 2649 frg.
907 2598 1019 2639 XIII.
1051 2599 1130 2638 235
1160 2612 1241 2650 sq.:

849 2664 1021 2702 »saluete
1049 2665 1196 2714 optima
1225 2665 1405 2714 corpora!

683 2728 792 2769 Cette
820 2740 962 2768 manus
990 2731 1138 2768 vestras
1157 2741 1343 2780 measque
1372 2730 1580 2781 accipitet«
