2160 3067
938 112 1234 152 —25—.

270 236 350 266 non
378 222 428 264 ad
456 222 549 262 Eur.
579 221 726 263 Phoen.
758 222 811 260 26
841 232 913 271 sq.:
932 197 948 269 >)
997 264 1001 266 ,

532 315 564 331 „.
594 316 602 325 .
633 317 641 325 .
671 317 679 324 .
707 289 872 336 σφυρῶν
901 286 1041 337 σιδηρᾶ
1069 287 1206 336 κέντρα
1237 286 1436 334 διαπείρας
1462 287 1594 335 μέσον,

463 350 468 353 ’
532 352 628 391 ὅθεν
656 367 713 391 νιν
737 351 873 395 Ἑλλὰς
901 352 1105 402 ὠνόμαζεν
1139 351 1360 391 Οἷδίπουν.“

402 473 513 512 Haec
540 473 636 512 mihi
673 472 959 523 praemittenda
995 484 1080 512 esse
1115 471 1312 523 putabam,
1353 473 1578 523 priusquam
1610 472 1839 523 aggrederer

272 539 549 589 quaestionem,
579 537 773 588 quomodo
793 537 944 576 Seneca
973 549 1067 575 usus
1090 538 1142 575 sit
1169 537 1459 587 exemplaribus
1488 537 1659 575 Graecis.

402 603 463 642 Ac
500 603 667 653 primum
710 602 868 653 quidem
909 602 1157 642 statuendum
1188 605 1248 642 est
1276 603 1392 641 aliam
1427 614 1513 642 esse
1542 604 1665 641 nostri
1700 606 1837 653 poetae

272 668 461 706 rationem
491 668 532 705 in
563 667 722 719 Latinis,
750 656 867 705 aliam
902 668 941 705 in
982 668 1142 706 Graecis
1175 667 1431 718 scriptoribus
1466 667 1678 705 imitandis.
1737 667 1836 705 Cum

273 734 379 773 enim
408 745 459 772 ex
488 732 566 772 illis
594 735 694 771 totas
723 733 935 772 sententias
963 732 1011 771 ad
1046 733 1209 772 verbum
1244 733 1327 772 fere
1362 734 1582 784 exprimere
1618 745 1697 771 non
1727 745 1836 771 vere-

272 803 370 849 atur,
398 800 464 838 hic
490 799 608 838 »lecta
636 798 775 837 Graeci
802 801 939 850 poetae
966 798 1098 837 fabula
1125 811 1265 838 novam
1286 811 1357 838 suo
1380 811 1486 838 more
1513 799 1661 838 Seneca
1680 810 1836 848 compo-

271 866 351 904 suit
378 877 450 903 suo
479 865 677 915 proposito
709 865 1025 904 inservientem«
1083 862 1179 917 (Leo
1209 865 1238 915 I,
1271 863 1375 917 159).
1630 855 1633 856 ⁷

403 941 568 981 Causam
598 941 632 979 si
661 941 829 992 quaeris,
848 940 1060 980 Udalricus
1089 940 1137 980 de
1154 940 1712 980 Wilamowitz-Moellendorff
1728 940 1830 978 haud

272 1008 353 1045 scio
383 1019 434 1045 an
460 1010 567 1045 recte
595 1006 836 1057 respondeat,
866 1018 957 1044 cum
985 1006 1097 1044 dicit:
1142 1006 1318 1045 »Seneka
1347 1007 1567 1045 verachtete
1603 1006 1666 1044 die
1696 1005 1831 1043 Gram-

271 1072 392 1110 matik
429 1072 511 1110 und
539 1071 645 1110 hatte
673 1072 730 1110 als
758 1071 912 1121 Remer,
941 1070 1119 1109 Minister
1148 1071 1228 1109 und
1257 1071 1411 1110 Stoiker
1436 1070 1503 1109 fiir
1530 1071 1593 1109 die
1622 1070 1835 1108 klassische

277 1137 414 1176 Poesie
443 1137 513 1176 der
540 1137 730 1176 Griechen
763 1136 871 1175 nicht
898 1136 974 1175 viel
1004 1136 1129 1187 iibrig.
1189 1168 1197 1176 .
1229 1167 1236 1175 .
1266 1166 1278 1178 .
1306 1137 1421 1186 Aber,
1459 1136 1515 1174 als
1549 1147 1592 1174 er
1617 1135 1832 1185 Tragodien

276 1202 433 1241 dichten
482 1202 620 1251 wollte,
665 1201 761 1252 griff
802 1213 845 1240 er
885 1202 985 1239 nach
1012 1201 1183 1250 Elektra,
1227 1194 1388 1251 Odipus.
1418 1234 1427 1242 .
1460 1234 1468 1242 .
1503 1200 1546 1252 .²)
1614 1199 1835 1252 (Euripides

275 1266 463 1306 Heracles
490 1266 521 1317 I,
554 1268 630 1305 173
661 1266 789 1305 adnot.
823 1267 927 1315 105).
1447 1268 1448 1271 ’

344 1404 347 1406 ·
404 1387 589 1425 Attamen
618 1398 696 1424 non
726 1386 841 1424 modo
860 1385 999 1425 leviter
1020 1386 1194 1436 attigisse
1212 1385 1400 1425 Senecam
1422 1385 1659 1437 exemplaria
1678 1386 1835 1433 Graeca,

274 1451 344 1489 sed
375 1452 437 1490 via
464 1463 510 1490 ac
537 1452 688 1490 ratione
717 1452 774 1490 eis
802 1463 918 1489 usum
948 1462 1034 1490 esse
1062 1440 1319 1490 demonstrari
1348 1455 1488 1501 potest.
1527 1450 1640 1497 Quod
1661 1453 1705 1488 ut
1718 1462 1834 1500 appa-

274 1520 366 1567 reat,
404 1517 508 1555 nihil
537 1516 656 1556 refert
695 1517 918 1555 summatim
955 1528 1159 1567 exponere,
1200 1516 1266 1555 ubi
1308 1528 1398 1555 cnm
1434 1515 1584 1555 Graeca
1617 1516 1836 1555 consentiat

272 1582 407 1621 fabula
433 1583 617 1632 Romana,
633 1582 699 1621 ubi
722 1582 769 1621 ab
789 1583 855 1621 illa
876 1582 1080 1633 discrepet.
1112 1583 1166 1621 Ut
1184 1582 1384 1620 Braunius
1412 1594 1488 1620 non
1511 1582 1631 1620 semel
1653 1582 1837 1627 monuitss)

273 1647 461 1687 Senecam
490 1648 603 1686 modo
630 1649 765 1698 paucis
794 1647 923 1686 verbis
957 1647 1171 1698 complecti,
1201 1659 1300 1698 quae
1330 1647 1503 1686 Graecus
1532 1650 1645 1697 poeta
1685 1647 1762 1685 late
1792 1649 1830 1684 et

274 1713 400 1752 effuse
429 1716 641 1761 tractasset,
672 1701 785 1751 modo
822 1713 878 1751 ita
913 1724 1001 1751 eum
1041 1712 1294 1762 amplificare,
1332 1717 1374 1750 ut
1408 1717 1510 1751 totae
1545 1724 1684 1750 scenae
1726 1712 1835 1750 brevi

274 1777 508 1828 exemplaris
536 1777 754 1816 sententiae
783 1776 1008 1816 debeantur.

404 1842 493 1880 Hoc
522 1854 613 1880 vero
642 1846 721 1880 tam
752 1843 935 1880 universe
964 1843 1260 1892 pronuntiatum
1296 1843 1338 1880 in
1373 1843 1480 1880 nullo
1517 1855 1595 1880 non
1626 1842 1728 1879 valet
1758 1854 1834 1879 non

274 1906 398 1944 solum
429 1910 553 1957 poeta,
583 1906 651 1945 sed
680 1906 829 1945 solutae
858 1919 1014 1957 quoque
1043 1907 1229 1945 orationis
1257 1908 1457 1958 scriptore.

404 1982 455 2020 Et
482 1983 587 2033 quod
617 1983 707 2021 Pais
735 1981 935 2033 proprium
964 1995 1048 2022 esse
1077 1984 1249 2022 Senecae
1279 1984 1407 2031 dicit⁴)
1437 1984 1677 2021 narrationes
1706 1995 1837 2021 exem-

274 2048 391 2097 plaris
420 2047 558 2086 Graeci
588 2048 628 2085 in
658 2047 800 2096 dialogi
832 2049 872 2097 (i.
904 2060 935 2086 e.
964 2049 1142 2096 actionis)
1180 2049 1343 2087 formam
1382 2048 1566 2099 redigere,
1601 2060 1650 2086 ne
1686 2048 1734 2085 ab
1770 2048 1837 2085 ali-

403 2146 429 2185 ¹)
455 2145 595 2176 Versum
619 2145 659 2177 27
684 2144 874 2176 deleverunt
896 2144 1105 2183 Valckenaer,
1129 2145 1251 2185 Nauck,
1274 2146 1420 2176 defendit
1441 2146 1574 2185 Porson,
1598 2145 1681 2176 haud
1705 2145 1770 2176 snio
1796 2154 1837 2175 an

271 2197 352 2232 iure.
398 2198 550 2231 Cetemm
573 2198 720 2230 conferas
744 2198 827 2230 Berl.
853 2198 906 2239 ph.
931 2198 984 2233 W.
1007 2198 1129 2232 XXIII
1163 2199 1270 2239 (1903)
1301 2198 1359 2232 col.
1385 2199 1449 2231 678
1472 2200 1510 2231 ad
1544 2200 1622 2232 Hes.
1646 2198 1750 2239 theog.
1776 2198 1838 2230 143

275 2253 336 2294 (ed.
361 2252 469 2284 Rzach
494 2252 601 2294 1902).

401 2306 429 2348 ²)
452 2306 511 2339 His
542 2316 582 2339 ex
606 2306 711 2339 verbis
734 2306 905 2340 concludas
928 2317 1060 2340 necesse
1091 2310 1139 2340 est
1167 2307 1234 2340 sola
1255 2310 1444 2350 argumenta
1473 2309 1653 2342 fabularum
1680 2310 1835 2342 Senecam

272 2370 336 2393 non
358 2360 498 2402 potuisse
521 2371 585 2393 non
610 2371 629 2393 a
651 2362 781 2394 Graecis
804 2363 960 2403 repetere.
1007 2363 1097 2394 Adde
1120 2363 1203 2404 quod
1225 2363 1309 2395 idem
1335 2362 1427 2404 paulo
1450 2364 1535 2396 infra
1557 2363 1679 2396 scribit:
1712 2364 1836 2404 „wahr-

270 2414 446 2446 schoinlich
498 2415 554 2446 hat
590 2425 627 2447 er
670 2416 753 2448 noch
797 2416 859 2448 viel
899 2416 993 2448 mehr
1036 2416 1181 2457 gelesen3
1226 2427 1289 2448 von
1331 2418 1395 2449 den
1441 2418 1621 2449 ffimischen
1662 2418 1835 2459 ngiidien

272 2468 430 2501 natm-neh
456 2479 516 2501 nur
538 2469 589 2501 die
619 2469 734 2502 beiden
756 2470 815 2503 der
838 2470 1084 2512 augusteischen
1103 2470 1186 2511 'Zeit,
1237 2471 1327 2503 nicht
1355 2471 1406 2503 die
1436 2471 1659 2504 barbaris-chen
1682 2465 1835 2505 uberset-

272 2533 397 2564 zungen
419 2524 477 2555 des
498 2525 530 2557 2.
552 2524 831 2565 Jahrhundortsf‘„
867 2525 955 2565 Quae
978 2526 1005 2557 si
1028 2525 1242 2566 amplecteris,
1266 2525 1315 2557 vel
1340 2525 1379 2556 ob
1410 2536 1479 2557 eam
1503 2536 1570 2557 rem
1597 2537 1722 2558 summa
1743 2527 1837 2558 laude

271 2576 394 2609 Seneca
415 2577 530 2619 dignus
554 2587 624 2610 esse
648 2578 816 2620 videbitur,
839 2579 920 2620 quod
946 2578 1026 2612 nihil
1049 2579 1118 2611 fere
1141 2579 1181 2611 ab
1196 2573 1264 2611 aliis
1288 2582 1450 2611 mutuatus
1466 2584 1524 2620 est,
1547 2580 1663 2612 mirum
1682 2582 1836 2622 quantum

272 2631 312 2663 de
334 2641 392 2664 suo
414 2632 620 2674 deprompsit.

401 2686 428 2723 3)
458 2686 539 2718 Vide
562 2696 643 2720 muS.
676 2687 778 2720 Rhen.
807 2687 888 2721 XX.
919 2688 1030 2729 (1865)
1061 2698 1091 2727 p.
1122 2688 1186 2720 267
1218 2698 1264 2729 sq.
1289 2692 1320 2719 et
1350 2688 1463 2722 XXII.
1486 2689 1599 2729 (1867)
1623 2699 1694 2730 pag.
1716 2689 1791 2722 248.

401 2741 427 2783 ⁴)
461 2740 487 2773 ll
509 2742 610 2773 teatro
632 2741 665 2775 di
687 2742 723 2775 L.
748 2743 784 2776 A.
809 2742 931 2775 Seneca
953 2753 983 2784 p.
1007 2742 1049 2775 99
1072 2742 1357 2783 (»Conclusione‹<).
