2160 3067
903 96 1147 133 -21-

326 205 330 213 “
380 202 460 242 Hic
488 213 725 253 quamquam
752 214 833 241 non
859 201 1090 254 Euripidem
1117 205 1187 242 aut
1212 201 1388 241 Ennium
1407 202 1580 243 Senecae
1609 202 1658 240 ob
1678 202 1816 241 oculos

249 271 446 308 versatum
475 279 560 307 esse
587 279 658 319 pro
686 270 792 307 certo
812 266 929 307 velim
949 267 1154 318 affirmare,
1181 270 1323 317 tamen,
1353 268 1387 306 si
1405 267 1590 306 subtilius
1626 267 1814 317 inquiras,

250 345 377 385 pauca
404 333 585 371 Enniano
612 333 736 383 magis
765 344 884 382 quam
911 333 1126 383 Euripideo
1155 332 1242 372 loeo
1270 333 1507 383 respondere
1526 332 1724 371 videntur.
1762 331 1817 370 Ut

251 399 357 439 certe
384 397 544 449 quidem
572 395 746 438 Senecae
778 409 893 437 »cara
918 397 1070 450 proles«
1104 387 1246 437 melius
1280 397 1330 437 ad
1366 397 1487 439 Ennii
1529 397 1700 449 »optima
1728 409 1814 436 cor-

250 476 368 516 pora«
400 475 520 514 quam
548 463 597 502 ad
625 463 793 515 simplex
820 464 919 502 illud
945 463 1147 515 Euripidis
1180 465 1338 504 »τέκνω
1371 463 1534 513 referas;
1565 475 1693 514 neque
1722 464 1815 513 scio,

249 542 300 569 an
339 529 438 569 illud
482 540 690 580 »measque
729 529 917 580 accipite«
956 529 1125 569 archaici
1159 532 1297 580 poetae
1329 530 1371 568 in
1406 530 1622 569 Annaeano
1659 533 1816 568 resonet

256 595 467 634 ›infusos‹

380 713 548 753 Possum
582 715 696 765 plura
736 714 878 754 afferre
917 714 1106 765 exempla,
1147 717 1193 753 ut
1231 714 1321 753 Seu.
1350 714 1514 754 Phaedr.
1556 715 1634 753 729
1670 726 1731 764 sq.
1765 714 1814 752 ad

250 780 353 818 Eun.
380 778 522 817 Telam.
550 778 626 829 frg.
655 779 695 827 13
725 778 812 818 Sen.
840 779 998 828 Thyest.
1028 780 1106 818 221
1136 790 1206 828 sq.,
1236 779 1311 816 227
1343 790 1415 828 sq.,
1442 779 1522 817 234
1551 790 1609 828 sq.
1638 778 1688 817 ad
1716 779 1813 817 Ace.

251 846 335 884 Atr.
362 843 437 894 frg.
466 843 534 883 VI.
564 847 602 883 et
630 843 741 883 VIII.
797 843 875 883 Sed
902 847 947 882 ut
973 843 1023 883 ad
1051 843 1171 883 finem
1198 844 1484 894 perveniamus,
1514 844 1613 882 duos
1634 846 1754 882 restat
1770 847 1815 882 ut

250 909 507 959 inspiciamus
533 908 652 958 locos,
698 920 748 946 ex
785 908 939 959 quibus,
976 908 1146 947 Straussi
1187 920 1288 958 quae
1327 909 1380 945 sit
1416 908 1620 957 integritas
1662 907 1813 957 iudicii,

253 974 398 1026 optime
425 973 650 1012 illustretur.
706 973 892 1025 Legimus
920 973 1024 1012 enim
1054 973 1079 1014 l.
1108 985 1139 1013 c.
1169 985 1253 1024 pag.
1284 974 1354 1012 24:
1409 972 1590 1012 »Nullius
1624 973 1813 1012 momenti

252 1053 312 1089 est
339 1061 554 1088 consensus
582 1048 722 1099 Oedipi
750 1050 822 1090 86:

644 1114 748 1153 haud
778 1116 838 1153 est
865 1113 980 1153 virile
1008 1116 1120 1164 terga
1145 1113 1341 1153 Fortunae
1370 1113 1461 1153 dare

252 1192 344 1218 cum
371 1181 467 1218 Aee.
497 1179 681 1229 Meleagr.
710 1179 785 1229 frg.
814 1179 935 1217 XVI:

643 1246 726 1283 erat
752 1243 857 1282 istuc
885 1242 1012 1293 uirile,
1034 1243 1139 1283 ferre
1166 1243 1372 1282 aduorsam
1400 1243 1596 1282 fortunam
1626 1243 1754 1282 facul«
1764 1242 1795 1293 ι)

381 1330 490 1369 Idem
518 1330 736 1369 Straussius
765 1329 989 1380 compositis
1017 1329 1105 1368 Seu.
1135 1328 1253 1368 Here.
1282 1329 1358 1371 fur.
1391 1330 1469 1367 338
1498 1340 1575 1378 sq.:

909 1405 1086 1445 »nobiles
1113 1418 1192 1445 non
1220 1408 1313 1444 sunt
1341 1406 1438 1444 mihi

646 1472 708 1510 avi
737 1483 812 1511 nec
840 1470 928 1509 altis
955 1471 1138 1510 inclitum
1166 1471 1290 1509 titulis
1318 1482 1453 1522 genus,

646 1536 715 1576 sed
744 1536 848 1575 clara
875 1537 1025 1576 virtus«

384 1617 423 1653 et
451 1615 545 1653 Ace.
574 1614 702 1656 Diom.
731 1614 805 1664 irg.
834 1614 912 1652 111:

647 1679 759 1719 »Non
788 1680 913 1730 genus
942 1680 1071 1718 uirum
1100 1682 1224 1730 ornat,
1252 1680 1387 1730 generi
1417 1680 1480 1718 vir
1505 1679 1617 1718 fortis
1645 1679 1767 1718 loco«.

257 1756 348 1794 »sed
377 1757 579 1806 praeivit«,
609 1757 747 1806 inquit,
775 1756 876 1794 »iam
903 1755 1114 1806 Euripides
1138 1756 1214 1794 inc.
1243 1756 1319 1795 fab.
1352 1757 1477 1795 1050:

644 1833 690 1883 »ἦ
720 1832 834 1882 φύσις
861 1832 1013 1882 ἑκάστῳ
1039 1835 1108 1870 τοῦ
1138 1832 1273 1882 γένους
1300 1833 1399 1871 ἐστὶν
1426 1833 1594 1883 πατρίς.“

384 1909 445 1947 Ac
472 1908 643 1958 primum
672 1908 831 1957 quidem
860 1908 1050 1947 vocabula
1089 1919 1240 1958 genus
1277 1913 1316 1947 et
1344 1910 1504 1947 virtus
1538 1921 1616 1947 non
1646 1908 1765 1947 semel
1794 1920 1817 1945 a

252 1972 506 2024 scriptoribus
535 1975 832 2024 opponuntur‚²)
862 1976 906 2012 ut
941 1974 1015 2012 hoc
1050 1976 1118 2011 aut
1154 1973 1250 2012 illud
1281 1973 1469 2013 Senecam
1500 1974 1695 2013 imitatum
1731 1985 1816 2012 esse

252 2038 454 2088 exemplar
481 2039 643 2077 minime
670 2038 763 2078 inde
792 2039 1015 2077 concludas.
1072 2038 1224 2078 Deinde
1245 2039 1439 2079 Graecum
1458 2051 1613 2078 versum
1634 2039 1814 2089 Euripidi

252 2103 323 2141 vix
376 2114 461 2143 esse
514 2103 762 2143 tribuendum
815 2106 975 2154 apparet
1018 2115 1040 2143 e
1087 2103 1254 2143 Nauckii
1299 2103 1457 2143 TrGrFr
1491 2104 1550 2146 ed.
1586 2103 1636 2143 11.
1676 2102 1815 2156 (1889)

252 2181 288 2218 p.
321 2171 412 2208 710.
460 2169 584 2207 lmmo
612 2169 678 2208 hic
698 2181 833 2207 versus
853 2169 960 2220 quod
979 2182 1003 2208 a
1021 2169 1255 2219 quibusdam
1275 2182 1365 2209 cum
1386 2170 1540 2209 duobus
1559 2168 1815 2220 Epicharmiss)

254 2234 316 2272 vel
344 2235 466 2272 Attici
495 2237 632 2285 poetae
651 2235 791 2273 comici
811 2234 951 2273 iambis
970 2235 1217 2287 componitur
1237 2234 1649 2287 (f.NauokiiEu1-.frg‚
1672 2236 1813 2282 1113):

642 2322 739 2366 „m'm
767 2322 865 2361 ἔστιν
893 2321 1020 2365 οὐδεὶς
1047 2321 1372 2373 ἀποδεδειγμένος
1398 2321 1527 2367 τόπος,

645 2387 689 2428 ὃς
717 2388 741 2437 ἢ
769 2386 968 2437 πονηροὺς
994 2387 1140 2429 πάντας
1167 2389 1192 2437 ἢ
1220 2387 1410 2437 χρηστοὺς
1436 2391 1557 2426 ποιεῖἩ

386 2507 410 2546 Ι)
432 2505 511 2537 Mihi
533 2505 660 2546 quidem
684 2504 779 2537 facile
810 2505 883 2537 fieri
911 2505 1051 2546 potuisse
1082 2505 1217 2546 videtur,
1246 2507 1282 2537 ut
1315 2505 1403 2537 Accii
1437 2505 1642 2537 »aduersam«
1675 2504 1816 2537 Senecae

253 2557 371 2599 legenti
393 2568 456 2591 vox
483 2561 592 2601 »terga
619 2560 765 2591 vertere«
798 2559 832 2591 in
862 2561 1004 2591 mentem
1036 2560 1172 2603 venerit,
1209 2559 1300 2591 ouius
1330 2559 1399 2591 loco
1430 2558 1571 2600 posuen't
1599 2568 1817 2601 synonymum

256 2613 365 2655 »terga
382 2614 495 2649 dare«.

383 2668 410 2709 ²)
431 2668 456 2702 f.
479 2668 634 2702 Catonem
655 2677 705 2709 ap.
728 2667 809 2702 Gell.
832 2667 865 2700 X
880 2669 912 2709 3,
929 2668 985 2709 173
1007 2667 1086 2701 Hor.
1109 2669 1166 2699 sat.
1191 2667 1225 2700 11
1240 2668 1270 2707 5,
1286 2668 1325 2708 83
1360 2667 1437 2701 Hor.
1460 2668 1552 2708 epist.
1576 2668 1593 2699 Ι
1607 2668 1661 2707 20,
1677 2667 1730 2702 22.

381 2722 409 2765 ³)
431 2722 614 2765 Epicharmi
635 2722 825 2765 fragmentis
847 2732 977 2756 versum
999 2731 1064 2755 non
1086 2721 1232 2764 ascripsit
1254 2721 1427 2757 Kaibelius.
