2160 3067
928 103 1171 141 -7-

308 213 311 215 “
390 211 575 261 Legimus
601 209 705 261 apud
733 209 963 261 Euripidem
989 210 1084 251 Her.
1111 209 1189 250 fur.
1221 212 1319 249 517:

521 287 580 330 ,,ει’
593 286 650 336 μή
679 286 717 335 γ’
748 286 900 336 ὄνειρον
927 286 968 324 ἐν
995 286 1086 336 φάει
1105 301 1137 324 τι
1165 287 1406 337 λεύσσομεν“.

389 363 482 400 Huc
504 362 583 399 duo
599 361 776 400 'Senecae
795 373 933 400 versus
962 362 1101 400 referri
1129 374 1243 412 posse
1272 362 1472 400 videntur:

390 442 505 481 Herc.
534 441 608 481 fur.
639 443 736 480 618:
781 442 997 481 §Utrumne
1025 443 1135 481 visus
1162 445 1253 482 vota
1280 443 1483 494 decipiunt
1510 455 1654 482 meos«.

391 521 431 558 et
460 518 557 557 623:
593 530 665 556 »an
693 529 794 556 vana
821 517 932 556 fruor

523 584 709 634 deceptus
739 582 926 624 umbra?«

391 667 431 704 Si
471 677 565 703 vero
604 666 790 703 orationis
832 668 1059 703 contextum
1103 668 1331 715 respexeris,
1374 668 1437 705 sic
1470 680 1626 706 versum
1658 681 1680 706 e
1711 680 1826 707 versu

260 732 449 771 Senecam
477 729 526 769 ad
554 729 755 780 Euripidis
784 728 956 768 fabulam
985 729 1204 769 condidisse
1234 730 1399 770 videbis:

576 827 666 866 Sen.
1422 829 1516 867 Eur.

262 909 358 945 623:
389 908 555 944 teneone
605 906 645 942 in
687 916 801 943 auras
830 905 976 943 editum
1112 905 1189 942 516
1219 917 1295 955 sq.:
1326 906 1351 943 ὅ
1369 905 1404 944 δ’
1422 906 1674 957 ἔστιν,ὃνγῆς
1689 908 1827 957 νέρθεν

382 984 429 1009 an
460 983 561 1008 vana
587 970 703 1029 fruor¹
1327 971 1599 1021 εἷσηκούομεν;

382 1037 568 1087 deceptus
597 1035 759 1076 umbra?
1324 1036 1359 1073 εἶ
1373 1036 1429 1086 μή
1454 1037 1493 1086 γ’
1516 1037 1667 1086 ὄνειρον
1684 1037 1725 1075 ἓν
1736 1038 1827 1087 φάει

1320 1116 1352 1138 τι
1380 1101 1602 1151 λεύσσομεν.

260 1168 338 1206 624
378 1179 452 1217 sq.:
483 1178 651 1217 agnosco
680 1169 798 1208 toros.
1109 1166 1199 1204 519:
1325 1166 1399 1205 οὐκ
1424 1167 1506 1205 ἔσθ’
1530 1166 1592 1205 ὄὸ’
1613 1166 1727 1209 ἄλλος
1746 1168 1828 1205 ἀντὶ

1324 1235 1396 1269 σοῦ
1423 1231 1575 1275 παιδὸς,
1604 1233 1727 1282 γέρον.

389 1329 556 1368 Versum
597 1332 727 1368 autem
768 1330 940 1368 Senecae
977 1328 1056 1367 618
1097 1340 1187 1367 cum
1227 1328 1292 1367 hic
1331 1340 1409 1367 non
1439 1329 1495 1367 ita
1530 1328 1627 1368 bene
1656 1329 1827 1368 inserere

257 1395 464 1445 possimus,
494 1395 596 1433 haud
627 1396 708 1433 scio
727 1407 775 1433 an
795 1394 844 1433 ad
866 1394 1029 1443 Vergilii
1049 1394 1156 1432 illam
1184 1394 1416 1433 sententiam
1447 1394 1679 1445 redigamus,
1709 1406 1825 1444 quam

259 1459 537 1499 Wilamowitz-
539 1449 815 1498 Moellendorff
862 1459 910 1498 ad
960 1458 1162 1509 Euripidis
1214 1471 1250 1500 v
1288 1461 1363 1497 517
1409 1458 1535 1498 affert.
1606 1459 1827 1509 (Euripides

258 1524 450 1563 Herakles
477 1525 546 1573 11¹,
578 1523 684 1575 151).
714 1524 810 1563 Dico
839 1524 956 1574 Verg.
987 1524 1056 1562 eol
1080 1523 1318 1573 V111,108:

394 1618 625 1667 >›·ce1nimus‚
654 1629 703 1656 an
733 1617 801 1667 qui
829 1621 960 1655 amant
987 1616 1062 1667 ipsi
1090 1615 1165 1655 sibi
1193 1618 1344 1655 somnia
1372 1616 1567 1667 fingunt«

388 1726 524 1780 Restat
551 1729 606 1776 ut,
645 1726 773 1776 quoad
803 1726 962 1776 quidem
1003 1727 1080 1765 huc
1107 1726 1310 1776 pertineat,
1350 1738 1477 1776 pauca
1510 1726 1749 1765 disseramus
1777 1726 1825 1765 de

258 1791 409 1830 ratione
443 1791 710 1831 intercedente
739 1791 841 1831 inter
879 1791 1065 1831 Senecam
1108 1795 1146 1830 et
1185 1791 1293 1829 illum
1323 1792 1497 1841 Augusti
1536 1792 1623 1830 aevi
1662 1794 1825 1842 poetam,

259 1867 428 1905 quocum
461 1857 645 1894 orationis
674 1857 842 1906 quadam
870 1857 1063 1895 affinitate
1092 1857 1285 1894 artissime
1314 1859 1397 1895 erat
1431 1857 1677 1905 coniunctus,
1717 1856 1826 1894 Ovi-

259 1920 401 1959 dium.
458 1921 569 1968 Quod
605 1933 694 1960 cum
737 1922 933 1960 neminem
960 1921 1099 1971 fugere
1131 1924 1274 1972 posset,-
1314 1922 1382 1970 qui
1423 1921 1494 1960 hac
1523 1921 1571 1960 de
1599 1933 1643 1961 re
1683 1924 1824 1970 ageret,

261 1987 390 2023 tamen
420 1997 498 2023 non
529 1985 747 2034 defuerunt,
777 1987 846 2035 qui
876 1986 982 2024 locos
1011 1985 1152 2024 Ovidio
1190 1985 1342 2024 debitos
1371 1985 1419 2024 ad
1449 1986 1642 2025 Graecum
1672 1988 1823 2037 poetam

259 2049 451 2089 referrent
479 2053 547 2089 aut
573 2050 771 2089 interdum
800 2050 847 2089 ab
890 2053 1055 2100 utroque
1083 2051 1273 2090 Senecam
1308 2050 1458 2100 aliquid
1485 2053 1709 2090 mutuatum
1738 2062 1824 2090 esse

259 2117 371 2165 poeta
398 2128 477 2154 non
508 2115 694 2155 viderent.

387 2194 519 2243 Atque
538 2194 577 2232 in
598 2192 736 2232 Medea
765 2192 923 2242 quidem
950 2192 1234 2231 difficillimum
1262 2204 1348 2232 esse
1375 2191 1479 2232 fines
1498 2199 1623 2232 certos
1651 2196 1824 2232 statuere

257 2257 487 2297 imitationis
516 2269 566 2297 ex
594 2258 662 2308 eis,
691 2269 791 2308 quae
810 2256 1007 2297 Braunius
1035 2258 1149 2306 (mus.
1170 2257 1292 2297 Rhen.
1323 2256 1490 2297 XXXII
1518 2255 1676 2310 [1877])
1706 2261 1823 2308 atque

258 2322 336 2361 Leo
365 2324 409 2372 (1,
441 2325 517 2363 166
547 2326 616 2373 sq.)
646 2324 869 2372 attulerunt,
899 2324 1083 2373 cognosci
1112 2326 1250 2373 potest.
1308 2323 1447 2373 Neque
1476 2327 1606 2362 tamen
1635 2324 1702 2362 ille
1730 2324 1820 2363 Sen.

257 2386 361 2427 Med.
394 2388 470 2427 123
489 2399 544 2440 sq.
565 2400 655 2428 cum
683 2388 777 2430 Eur.
809 2387 907 2427 Med.
937 2388 1018 2428 400
1046 2387 1268 2438 εᾳ,,ᾱθὶ)υἰῐ
1295 2400 1529 2439 comparare.
1587 2388 1700 2435 Quod
1730 2400 1822 2427 vero

258 2453 360 2492 idem
401 2454 557 2492 eosdem
593 2466 726 2492 versus
763 2454 903 2493 melius
931 2466 1022 2492 cum
1051 2453 1122 2493 Ov.
1148 2454 1230 2492 her.
1263 2453 1355 2502 XII,
1395 2455 1473 2492 209
1503 2465 1561 2504 sq.
1591 2460 1822 2504 composuit,

256 2518 415 2557 omnino
444 2517 489 2557 ad
522 2521 672 2558 certum
701 2521 853 2571 poetam
882 2530 960 2557 non
989 2530 1075 2557 esse
1104 2529 1170 2557 eos
1199 2518 1425 2557 referendos
1449 2530 1602 2558 censeo.
1658 2518 1760 2557 Nam
1780 2523 1823 2557 ut

261 2582 388 2622 »feror
416 2587 546 2634 partes
574 2585 616 2622 in
644 2595 802 2623 omnes«
835 2582 943 2636 (123,
975 2585 1067 2631 124)
1091 2584 1236 2623 locutio
1260 2587 1318 2622 est
1341 2596 1391 2623 ex
1420 2586 1704 2635 antiquissimis
1726 2588 1823 2624 tem-

257 2648 416 2698 poribus
450 2650 662 2688 sescenties
704 2649 853 2688 variata
882 2649 1085 2700 (Senecam
1127 2650 1258 2700 ipsum
1301 2651 1469 2690 variasse
1498 2651 1678 2690 videmus
1718 2649 1821 2701 apud

256 2712 428 2753 Leonem
454 2714 483 2764 Ι,
515 2715 620 2765 167),
648 2716 704 2753 ita
736 2715 909 2753 »incerta
933 2727 1090 2754 vaecors
1119 2718 1251 2756 mente
1280 2728 1489 2766 vaesana«,
1517 2718 1551 2755 si
1579 2716 1805 2756 cuOvidiim

1736 2791 1758 2824 3
